日期,时间,成交价,成交量,总量,属性(持仓增减),B1价,B1量,B2价,B2量,B3价,B3量,S1价,S1量,S2价,S2量,S3价,S3量,BS
2014-12-29,21:00:04,3453.0,4,4,2410,3452.0,10,0,0,0,0,3459.0,1,0,0,0,0,B
2014-12-29,21:00:28,3454.0,2,6,2,3454.0,2,0,0,0,0,3455.0,1,0,0,0,0,B
2014-12-29,21:00:31,3457.0,4,10,2,3455.0,4,0,0,0,0,3461.0,1,0,0,0,0,B
2014-12-29,21:00:56,3462.0,2,12,0,3462.0,2,0,0,0,0,3463.0,5,0,0,0,0,B
2014-12-29,21:00:57,3462.0,4,16,2,3461.0,3,0,0,0,0,3462.0,3,0,0,0,0,B
2014-12-29,21:01:06,3463.0,4,20,0,3462.0,3,0,0,0,0,3463.0,1,0,0,0,0,B
2014-12-29,21:01:14,3462.0,2,22,0,3462.0,1,0,0,0,0,3463.0,2,0,0,0,0,S
2014-12-29,21:01:21,3462.0,2,24,0,3461.0,4,0,0,0,0,3462.0,4,0,0,0,0,S
2014-12-29,21:01:29,3461.0,2,26,0,3461.0,3,0,0,0,0,3462.0,4,0,0,0,0,S
2014-12-29,21:01:44,3462.0,2,28,0,3462.0,1,0,0,0,0,3463.0,6,0,0,0,0,B
2014-12-29,21:02:14,3462.0,2,30,2,3461.0,4,0,0,0,0,3462.0,5,0,0,0,0,B
2014-12-29,21:02:36,3462.0,2,32,2,3461.0,2,0,0,0,0,3462.0,4,0,0,0,0,B
2014-12-29,21:03:02,3463.0,2,34,-2,3462.0,2,0,0,0,0,3463.0,2,0,0,0,0,B
2014-12-29,21:03:03,3463.0,4,38,-2,3462.0,53,0,0,0,0,3464.0,3,0,0,0,0,B
2014-12-29,21:03:05,3463.0,6,44,4,3462.0,53,0,0,0,0,3463.0,1,0,0,0,0,B
2014-12-29,21:03:08,3463.0,2,46,0,3462.0,53,0,0,0,0,3463.0,3,0,0,0,0,B
2014-12-29,21:03:09,3463.0,2,48,0,3462.0,53,0,0,0,0,3464.0,3,0,0,0,0,B
2014-12-29,21:03:44,3463.0,12,60,-12,3463.0,44,0,0,0,0,3464.0,11,0,0,0,0,B
2014-12-29,21:03:46,3463.0,10,70,-10,3463.0,39,0,0,0,0,3464.0,6,0,0,0,0,B
2014-12-29,21:03:49,3464.0,2,72,0,3463.0,39,0,0,0,0,3465.0,24,0,0,0,0,B
2014-12-29,21:04:33,3461.0,4,76,0,3460.0,2,0,0,0,0,3462.0,3,0,0,0,0,S
2014-12-29,21:05:37,3462.0,4,80,0,3461.0,3,0,0,0,0,3463.0,4,0,0,0,0,B
2014-12-29,21:06:04,3462.0,2,82,0,3461.0,4,0,0,0,0,3463.0,3,0,0,0,0,B
2014-12-29,21:06:51,3461.0,2,84,2,3460.0,3,0,0,0,0,3461.0,2,0,0,0,0,S
2014-12-29,21:08:00,3460.0,2,86,2,3460.0,2,0,0,0,0,3461.0,8,0,0,0,0,S
2014-12-29,21:08:07,3460.0,2,88,2,3458.0,2,0,0,0,0,3460.0,1,0,0,0,0,S
2014-12-29,21:08:20,3458.0,2,90,0,3457.0,2,0,0,0,0,3459.0,3,0,0,0,0,S
2014-12-29,21:09:16,3458.0,6,96,0,3458.0,2,0,0,0,0,3459.0,3,0,0,0,0,S
2014-12-29,21:09:23,3459.0,6,102,4,3459.0,1,0,0,0,0,3461.0,5,0,0,0,0,B
2014-12-29,21:09:37,3460.0,2,104,0,3459.0,3,0,0,0,0,3460.0,2,0,0,0,0,B
2014-12-29,21:09:39,3460.0,2,106,0,3459.0,13,0,0,0,0,3460.0,1,0,0,0,0,B
2014-12-29,21:10:59,3461.0,4,110,4,3460.0,6,0,0,0,0,3461.0,1,0,0,0,0,B
2014-12-29,21:10:59,3461.0,2,112,2,3461.0,1,0,0,0,0,3463.0,2,0,0,0,0,B
2014-12-29,21:12:17,3460.0,2,114,0,3460.0,3,0,0,0,0,3461.0,2,0,0,0,0,S
2014-12-29,21:12:34,3460.0,6,120,-2,3460.0,1,0,0,0,0,3461.0,2,0,0,0,0,S
2014-12-29,21:12:34,3460.0,2,122,-2,3459.0,3,0,0,0,0,3461.0,10,0,0,0,0,S
2014-12-29,21:13:26,3460.0,6,128,0,3460.0,36,0,0,0,0,3461.0,2,0,0,0,0,S
2014-12-29,21:13:55,3460.0,2,130,0,3460.0,36,0,0,0,0,3462.0,13,0,0,0,0,S
2014-12-29,21:15:12,3461.0,2,132,2,3461.0,1,0,0,0,0,3462.0,12,0,0,0,0,B
2014-12-29,21:16:56,3461.0,2,134,0,3460.0,36,0,0,0,0,3462.0,13,0,0,0,0,B
2014-12-29,21:20:43,3460.0,4,138,-4,3460.0,33,0,0,0,0,3461.0,11,0,0,0,0,S
2014-12-29,21:20:44,3460.0,6,144,-6,3460.0,30,0,0,0,0,3461.0,11,0,0,0,0,S
2014-12-29,21:21:07,3461.0,2,146,0,3461.0,5,0,0,0,0,3462.0,9,0,0,0,0,B
2014-12-29,21:21:09,3462.0,6,152,6,3462.0,2,0,0,0,0,3463.0,2,0,0,0,0,B
2014-12-29,21:22:36,3463.0,2,154,0,3463.0,2,0,0,0,0,3465.0,2,0,0,0,0,B
2014-12-29,21:22:43,3467.0,4,158,2,3468.0,1,0,0,0,0,3470.0,1,0,0,0,0,B
2014-12-29,21:22:43,3467.0,4,162,0,3468.0,1,0,0,0,0,3470.0,1,0,0,0,0,B
2014-12-29,21:22:46,3470.0,10,172,-2,3470.0,2,0,0,0,0,3472.0,4,0,0,0,0,B
2014-12-29,21:22:46,3471.0,2,174,0,3471.0,2,0,0,0,0,3472.0,9,0,0,0,0,B
2014-12-29,21:22:47,3472.0,2,176,0,3472.0,1,0,0,0,0,3474.0,3,0,0,0,0,B
2014-12-29,21:22:48,3473.0,2,178,-2,3472.0,4,0,0,0,0,3473.0,4,0,0,0,0,B
2014-12-29,21:22:50,3473.0,2,180,0,3472.0,4,0,0,0,0,3474.0,9,0,0,0,0,B
2014-12-29,21:22:51,3474.0,4,184,-2,3473.0,3,0,0,0,0,3474.0,3,0,0,0,0,B
2014-12-29,21:22:52,3474.0,6,190,0,3474.0,1,0,0,0,0,3476.0,1,0,0,0,0,B
2014-12-29,21:22:59,3484.0,10,200,6,3484.0,1,0,0,0,0,3485.0,1,0,0,0,0,B
2014-12-29,21:23:02,3484.0,2,202,-2,3483.0,10,0,0,0,0,3484.0,2,0,0,0,0,B
2014-12-29,21:23:02,3484.0,2,204,0,3483.0,3,0,0,0,0,3484.0,1,0,0,0,0,B
2014-12-29,21:23:03,3483.0,2,206,0,3483.0,2,0,0,0,0,3484.0,10,0,0,0,0,S
2014-12-29,21:23:04,3483.0,4,210,0,3482.0,3,0,0,0,0,3483.0,2,0,0,0,0,S
2014-12-29,21:23:04,3482.0,6,216,0,3480.0,1,0,0,0,0,3482.0,1,0,0,0,0,S
2014-12-29,21:23:10,3477.0,6,222,6,3477.0,2,0,0,0,0,3478.0,3,0,0,0,0,S
2014-12-29,21:23:12,3477.0,2,224,0,3477.0,1,0,0,0,0,3478.0,5,0,0,0,0,S
2014-12-29,21:23:14,3478.0,10,234,4,3478.0,10,0,0,0,0,3479.0,3,0,0,0,0,B
2014-12-29,21:23:15,3479.0,6,240,-6,3478.0,10,0,0,0,0,3480.0,6,0,0,0,0,B
2014-12-29,21:23:19,3478.0,2,242,0,3478.0,2,0,0,0,0,3479.0,1,0,0,0,0,S
2014-12-29,21:23:24,3477.0,2,244,2,3476.0,2,0,0,0,0,3478.0,6,0,0,0,0,S
2014-12-29,21:23:28,3479.0,4,248,0,3476.0,4,0,0,0,0,3479.0,7,0,0,0,0,B
2014-12-29,21:23:36,3477.0,2,250,0,3476.0,3,0,0,0,0,3478.0,7,0,0,0,0,S
2014-12-29,21:23:57,3475.0,2,252,0,3475.0,2,0,0,0,0,3478.0,8,0,0,0,0,S
2014-12-29,21:24:09,3476.0,2,254,0,3475.0,2,0,0,0,0,3476.0,1,0,0,0,0,B
2014-12-29,21:24:15,3476.0,2,256,0,3475.0,3,0,0,0,0,3476.0,3,0,0,0,0,B
2014-12-29,21:24:20,3476.0,2,258,2,3475.0,3,0,0,0,0,3476.0,2,0,0,0,0,B
2014-12-29,21:24:22,3475.0,2,260,0,3473.0,4,0,0,0,0,3476.0,9,0,0,0,0,S
2014-12-29,21:25:00,3475.0,6,266,0,3474.0,4,0,0,0,0,3476.0,4,0,0,0,0,S
2014-12-29,21:25:05,3475.0,2,268,2,3474.0,4,0,0,0,0,3475.0,2,0,0,0,0,S
2014-12-29,21:25:08,3475.0,2,270,-2,3475.0,2,0,0,0,0,3476.0,6,0,0,0,0,S
2014-12-29,21:25:14,3473.0,2,272,0,3471.0,2,0,0,0,0,3474.0,5,0,0,0,0,S
2014-12-29,21:25:18,3473.0,4,276,-4,3473.0,1,0,0,0,0,3475.0,8,0,0,0,0,S
2014-12-29,21:25:31,3472.0,2,278,-2,3472.0,6,0,0,0,0,3474.0,3,0,0,0,0,S
2014-12-29,21:25:31,3472.0,2,280,0,3472.0,4,0,0,0,0,3474.0,3,0,0,0,0,S
2014-12-29,21:25:57,3472.0,2,282,-2,3472.0,6,0,0,0,0,3474.0,2,0,0,0,0,S
2014-12-29,21:26:14,3474.0,4,286,4,3473.0,6,0,0,0,0,3475.0,5,0,0,0,0,B
2014-12-29,21:26:53,3475.0,4,290,4,3474.0,10,0,0,0,0,3475.0,1,0,0,0,0,B
2014-12-29,21:27:01,3476.0,6,296,0,3475.0,6,0,0,0,0,3477.0,4,0,0,0,0,B
2014-12-29,21:27:13,3475.0,2,298,-2,3475.0,2,0,0,0,0,3476.0,4,0,0,0,0,S
2014-12-29,21:27:13,3475.0,4,302,-2,3474.0,5,0,0,0,0,3475.0,2,0,0,0,0,S
2014-12-29,21:27:41,3474.0,4,306,0,3474.0,1,0,0,0,0,3475.0,7,0,0,0,0,S
2014-12-29,21:27:41,3474.0,2,308,2,3473.0,7,0,0,0,0,3474.0,1,0,0,0,0,S
2014-12-29,21:28:10,3473.0,4,312,0,3473.0,2,0,0,0,0,3474.0,7,0,0,0,0,S
2014-12-29,21:28:47,3473.0,2,314,0,3472.0,1,0,0,0,0,3474.0,15,0,0,0,0,S
2014-12-29,21:28:50,3472.0,2,316,-2,3472.0,2,0,0,0,0,3474.0,15,0,0,0,0,S
2014-12-29,21:28:53,3472.0,4,320,-4,3472.0,1,0,0,0,0,3473.0,3,0,0,0,0,S
2014-12-29,21:29:04,3472.0,2,322,2,3471.0,3,0,0,0,0,3472.0,2,0,0,0,0,S
2014-12-29,21:29:16,3472.0,2,324,2,3471.0,4,0,0,0,0,3472.0,1,0,0,0,0,S
2014-12-29,21:29:33,3470.0,2,326,0,3470.0,1,0,0,0,0,3471.0,3,0,0,0,0,S
2014-12-29,21:29:56,3470.0,2,328,0,3470.0,6,0,0,0,0,3471.0,3,0,0,0,0,S
2014-12-29,21:30:37,3471.0,6,334,6,3471.0,1,0,0,0,0,3472.0,1,0,0,0,0,B
2014-12-29,21:31:12,3473.0,6,340,0,3472.0,6,0,0,0,0,3474.0,6,0,0,0,0,B
2014-12-29,21:31:41,3474.0,4,344,4,3473.0,6,0,0,0,0,3475.0,4,0,0,0,0,B
2014-12-29,21:31:56,3475.0,4,348,0,3474.0,5,0,0,0,0,3476.0,4,0,0,0,0,B
2014-12-29,21:32:33,3476.0,2,350,-2,3475.0,5,0,0,0,0,3476.0,2,0,0,0,0,B
2014-12-29,21:32:52,3475.0,2,352,0,3475.0,2,0,0,0,0,3476.0,8,0,0,0,0,S
2014-12-29,21:33:07,3474.0,2,354,-2,3473.0,5,0,0,0,0,3474.0,1,0,0,0,0,S
2014-12-29,21:33:37,3473.0,2,356,0,3471.0,3,0,0,0,0,3474.0,11,0,0,0,0,S
2014-12-29,21:40:16,3473.0,2,358,0,3473.0,2,0,0,0,0,3474.0,9,0,0,0,0,S
2014-12-29,21:41:19,3472.0,6,364,-6,3472.0,30,0,0,0,0,3473.0,3,0,0,0,0,S
2014-12-29,21:41:56,3472.0,6,370,-6,3472.0,25,0,0,0,0,3473.0,8,0,0,0,0,S
2014-12-29,21:41:56,3472.0,16,386,-16,3472.0,17,0,0,0,0,3473.0,8,0,0,0,0,S
2014-12-29,21:41:58,3472.0,10,396,0,3472.0,12,0,0,0,0,3473.0,8,0,0,0,0,S
2014-12-29,21:42:29,3472.0,4,400,-4,3472.0,10,0,0,0,0,3473.0,4,0,0,0,0,S
2014-12-29,21:42:32,3472.0,4,404,0,3472.0,8,0,0,0,0,3473.0,5,0,0,0,0,S
2014-12-29,21:43:16,3473.0,4,408,0,3473.0,6,0,0,0,0,3475.0,9,0,0,0,0,B
2014-12-29,21:43:33,3473.0,2,410,-2,3473.0,4,0,0,0,0,3475.0,9,0,0,0,0,B
2014-12-29,21:43:48,3474.0,4,414,-4,3474.0,11,0,0,0,0,3475.0,8,0,0,0,0,B
2014-12-29,21:44:03,3474.0,4,418,2,3474.0,9,0,0,0,0,3475.0,7,0,0,0,0,B
2014-12-29,21:44:30,3474.0,8,426,8,3474.0,13,0,0,0,0,3475.0,7,0,0,0,0,B
2014-12-29,21:44:50,3474.0,4,430,4,3474.0,11,0,0,0,0,3475.0,7,0,0,0,0,B
2014-12-29,21:44:52,3475.0,6,436,-6,3475.0,3,0,0,0,0,3476.0,7,0,0,0,0,B
2014-12-29,21:45:01,3475.0,2,438,2,3475.0,2,0,0,0,0,3476.0,10,0,0,0,0,B
2014-12-29,21:45:09,3476.0,4,442,0,3474.0,13,0,0,0,0,3476.0,8,0,0,0,0,B
2014-12-29,21:46:49,3476.0,2,444,2,3475.0,3,0,0,0,0,3476.0,7,0,0,0,0,B
2014-12-29,21:47:59,3475.0,8,452,6,3474.0,11,0,0,0,0,3475.0,4,0,0,0,0,S
2014-12-29,21:48:14,3474.0,4,456,0,3474.0,9,0,0,0,0,3475.0,8,0,0,0,0,S
2014-12-29,21:48:18,3474.0,18,474,2,3474.0,1,0,0,0,0,3475.0,7,0,0,0,0,S
2014-12-29,21:48:32,3474.0,2,476,-2,3473.0,4,0,0,0,0,3474.0,2,0,0,0,0,S
2014-12-29,21:49:08,3473.0,4,480,4,3473.0,4,0,0,0,0,3474.0,5,0,0,0,0,S
2014-12-29,21:49:20,3473.0,2,482,2,3472.0,12,0,0,0,0,3473.0,2,0,0,0,0,S
2014-12-29,21:49:21,3473.0,4,486,0,3473.0,1,0,0,0,0,3474.0,5,0,0,0,0,S
2014-12-29,21:55:03,3474.0,14,500,10,3474.0,2,0,0,0,0,3475.0,2,0,0,0,0,B
2014-12-29,21:55:14,3474.0,4,504,0,3473.0,13,0,0,0,0,3475.0,3,0,0,0,0,B
2014-12-29,21:55:30,3475.0,4,508,-4,3474.0,2,0,0,0,0,3475.0,1,0,0,0,0,B
2014-12-29,21:57:58,3477.0,2,510,-2,3475.0,3,0,0,0,0,3477.0,1,0,0,0,0,B
2014-12-29,22:00:11,3476.0,2,512,-2,3475.0,3,0,0,0,0,3476.0,4,0,0,0,0,S
2014-12-29,22:00:16,3476.0,8,520,-4,3476.0,3,0,0,0,0,3477.0,9,0,0,0,0,S
2014-12-29,22:00:18,3476.0,6,526,0,3475.0,2,0,0,0,0,3476.0,1,0,0,0,0,S
2014-12-29,22:00:24,3476.0,2,528,0,3475.0,4,0,0,0,0,3477.0,12,0,0,0,0,S
2014-12-29,22:01:58,3475.0,6,534,0,3475.0,1,0,0,0,0,3476.0,4,0,0,0,0,S
2014-12-29,22:05:57,3473.0,4,538,2,3473.0,4,0,0,0,0,3474.0,2,0,0,0,0,S
2014-12-29,22:06:38,3474.0,2,540,2,3473.0,4,0,0,0,0,3474.0,1,0,0,0,0,B
2014-12-29,22:07:09,3473.0,4,544,-4,3472.0,3,0,0,0,0,3474.0,4,0,0,0,0,S
2014-12-29,22:07:53,3472.0,2,546,0,3470.0,5,0,0,0,0,3472.0,3,0,0,0,0,S
2014-12-29,22:08:07,3472.0,4,550,0,3472.0,2,0,0,0,0,3473.0,3,0,0,0,0,S
2014-12-29,22:09:40,3474.0,2,552,2,3472.0,5,0,0,0,0,3474.0,6,0,0,0,0,B
2014-12-29,22:11:59,3474.0,2,554,0,3474.0,1,0,0,0,0,3475.0,21,0,0,0,0,B
2014-12-29,22:19:50,3474.0,2,556,0,3473.0,6,0,0,0,0,3474.0,2,0,0,0,0,B
2014-12-29,22:22:05,3473.0,2,558,2,3472.0,4,0,0,0,0,3474.0,20,0,0,0,0,S
2014-12-29,22:24:11,3472.0,2,560,0,3472.0,4,0,0,0,0,3474.0,21,0,0,0,0,S
2014-12-29,22:25:40,3472.0,2,562,0,3471.0,5,0,0,0,0,3473.0,15,0,0,0,0,S
2014-12-29,22:25:52,3467.0,4,566,0,3467.0,3,0,0,0,0,3468.0,2,0,0,0,0,S
2014-12-29,22:26:00,3468.0,2,568,2,3467.0,2,0,0,0,0,3468.0,1,0,0,0,0,B
2014-12-29,22:26:05,3468.0,2,570,2,3468.0,2,0,0,0,0,3469.0,15,0,0,0,0,B
2014-12-29,22:26:06,3468.0,2,572,2,3467.0,5,0,0,0,0,3469.0,18,0,0,0,0,B
2014-12-29,22:26:38,3468.0,6,578,6,3468.0,1,0,0,0,0,3469.0,3,0,0,0,0,B
2014-12-29,22:26:50,3468.0,4,582,4,3467.0,11,0,0,0,0,3468.0,2,0,0,0,0,B
2014-12-29,22:26:50,3468.0,4,586,4,3467.0,11,0,0,0,0,3469.0,5,0,0,0,0,B
2014-12-29,22:27:22,3469.0,2,588,0,3469.0,2,0,0,0,0,3470.0,3,0,0,0,0,B
2014-12-29,22:27:22,3469.0,2,590,2,3469.0,1,0,0,0,0,3470.0,13,0,0,0,0,B
2014-12-29,22:27:23,3469.0,2,592,0,3468.0,4,0,0,0,0,3469.0,1,0,0,0,0,B
2014-12-29,22:27:41,3469.0,2,594,-2,3468.0,6,0,0,0,0,3469.0,2,0,0,0,0,B
2014-12-29,22:30:03,3468.0,6,600,-6,3468.0,8,0,0,0,0,3469.0,19,0,0,0,0,S
2014-12-29,22:30:03,3468.0,6,606,6,3468.0,5,0,0,0,0,3469.0,19,0,0,0,0,S
2014-12-29,22:30:26,3468.0,10,616,2,3467.0,5,0,0,0,0,3468.0,12,0,0,0,0,S
2014-12-29,22:30:33,3465.0,4,620,-2,3465.0,2,0,0,0,0,3467.0,17,0,0,0,0,S
2014-12-29,22:30:40,3466.0,4,624,2,3465.0,5,0,0,0,0,3466.0,1,0,0,0,0,B
2014-12-29,22:30:47,3466.0,6,630,-2,3465.0,2,0,0,0,0,3466.0,17,0,0,0,0,B
2014-12-29,22:30:48,3465.0,4,634,-4,3463.0,2,0,0,0,0,3465.0,12,0,0,0,0,S
2014-12-29,22:30:50,3463.0,4,638,-2,3462.0,4,0,0,0,0,3463.0,1,0,0,0,0,S
2014-12-29,22:30:50,3463.0,2,640,-2,3463.0,2,0,0,0,0,3464.0,3,0,0,0,0,S
2014-12-29,22:31:09,3462.0,2,642,2,3460.0,3,0,0,0,0,3462.0,2,0,0,0,0,S
2014-12-29,22:31:11,3460.0,2,644,2,3459.0,2,0,0,0,0,3461.0,12,0,0,0,0,S
2014-12-29,22:31:15,3459.0,2,646,0,3457.0,1,0,0,0,0,3459.0,13,0,0,0,0,S
2014-12-29,22:31:18,3458.0,6,652,0,3458.0,6,0,0,0,0,3460.0,13,0,0,0,0,S
2014-12-29,22:31:27,3462.0,4,656,4,3462.0,1,0,0,0,0,3463.0,12,0,0,0,0,B
2014-12-29,22:31:38,3462.0,2,658,0,3461.0,5,0,0,0,0,3462.0,11,0,0,0,0,B
2014-12-29,22:31:45,3461.0,6,664,0,3460.0,3,0,0,0,0,3461.0,10,0,0,0,0,S
2014-12-29,22:31:50,3460.0,2,666,0,3459.0,7,0,0,0,0,3460.0,3,0,0,0,0,S
2014-12-29,22:31:50,3461.0,8,674,-6,3460.0,1,0,0,0,0,3461.0,1,0,0,0,0,B
2014-12-29,22:31:53,3461.0,6,680,6,3460.0,4,0,0,0,0,3461.0,9,0,0,0,0,B
2014-12-29,22:32:20,3459.0,2,682,-2,3459.0,2,0,0,0,0,3460.0,14,0,0,0,0,S
2014-12-29,22:32:24,3458.0,2,684,0,3457.0,10,0,0,0,0,3458.0,2,0,0,0,0,S
2014-12-29,22:32:24,3458.0,2,686,2,3457.0,10,0,0,0,0,3458.0,1,0,0,0,0,S
2014-12-29,22:32:25,3458.0,2,688,2,3457.0,10,0,0,0,0,3459.0,4,0,0,0,0,S
2014-12-29,22:32:38,3460.0,6,694,0,3460.0,1,0,0,0,0,3461.0,1,0,0,0,0,B
2014-12-29,22:32:41,3460.0,2,696,0,3459.0,3,0,0,0,0,3460.0,12,0,0,0,0,B
2014-12-29,22:33:05,3460.0,6,702,0,3459.0,7,0,0,0,0,3460.0,1,0,0,0,0,B
2014-12-29,22:33:36,3461.0,2,704,0,3460.0,8,0,0,0,0,3462.0,14,0,0,0,0,B
2014-12-29,22:34:01,3460.0,2,706,2,3460.0,4,0,0,0,0,3461.0,3,0,0,0,0,S
2014-12-29,22:34:56,3461.0,2,708,-2,3460.0,5,0,0,0,0,3461.0,3,0,0,0,0,B
2014-12-29,22:35:18,3461.0,2,710,0,3460.0,2,0,0,0,0,3461.0,3,0,0,0,0,B
2014-12-29,22:35:23,3460.0,2,712,2,3460.0,1,0,0,0,0,3461.0,15,0,0,0,0,S
2014-12-29,22:35:23,3460.0,2,714,-2,3459.0,3,0,0,0,0,3460.0,1,0,0,0,0,S
2014-12-29,22:35:31,3458.0,2,716,-2,3457.0,11,0,0,0,0,3459.0,3,0,0,0,0,S
2014-12-29,22:35:33,3459.0,6,722,0,3459.0,1,0,0,0,0,3460.0,4,0,0,0,0,B
2014-12-29,22:35:52,3459.0,2,724,0,3459.0,1,0,0,0,0,3460.0,6,0,0,0,0,B
2014-12-29,22:36:22,3458.0,8,732,2,3457.0,2,0,0,0,0,3458.0,1,0,0,0,0,S
2014-12-29,22:36:31,3458.0,2,734,0,3458.0,2,0,0,0,0,3460.0,17,0,0,0,0,S
2014-12-29,22:36:34,3458.0,2,736,-2,3458.0,1,0,0,0,0,3459.0,7,0,0,0,0,S
2014-12-29,22:36:57,3458.0,4,740,4,3458.0,2,0,0,0,0,3459.0,6,0,0,0,0,S
2014-12-29,22:38:05,3460.0,2,742,-2,3460.0,2,0,0,0,0,3461.0,3,0,0,0,0,B
2014-12-29,22:38:09,3462.0,2,744,0,3461.0,6,0,0,0,0,3463.0,1,0,0,0,0,B
2014-12-29,22:38:24,3459.0,4,748,4,3459.0,1,0,0,0,0,3460.0,2,0,0,0,0,S
2014-12-29,22:38:33,3459.0,6,754,0,3459.0,1,0,0,0,0,3460.0,4,0,0,0,0,S
2014-12-29,22:39:50,3460.0,6,760,-6,3459.0,23,0,0,0,0,3461.0,17,0,0,0,0,B
2014-12-29,22:40:46,3460.0,6,766,0,3459.0,6,0,0,0,0,3460.0,9,0,0,0,0,B
2014-12-29,22:40:47,3461.0,38,804,12,3461.0,1,0,0,0,0,3462.0,16,0,0,0,0,B
2014-12-29,22:40:47,3459.0,4,808,0,3459.0,4,0,0,0,0,3461.0,1,0,0,0,0,S
2014-12-29,22:41:44,3459.0,2,810,0,3458.0,2,0,0,0,0,3460.0,13,0,0,0,0,S
2014-12-29,22:41:51,3457.0,6,816,-4,3457.0,7,0,0,0,0,3459.0,3,0,0,0,0,S
2014-12-29,22:42:09,3460.0,4,820,2,3459.0,7,0,0,0,0,3460.0,1,0,0,0,0,B
2014-12-29,22:42:09,3460.0,2,822,0,3460.0,3,0,0,0,0,3462.0,11,0,0,0,0,B
2014-12-29,22:42:40,3462.0,6,828,0,3462.0,1,0,0,0,0,3463.0,2,0,0,0,0,B
2014-12-29,22:43:02,3462.0,2,830,0,3462.0,5,0,0,0,0,3463.0,5,0,0,0,0,B
2014-12-29,22:43:21,3463.0,6,836,2,3463.0,1,0,0,0,0,3464.0,11,0,0,0,0,B
2014-12-29,22:43:24,3463.0,2,838,0,3462.0,5,0,0,0,0,3463.0,1,0,0,0,0,B
2014-12-29,22:43:58,3462.0,2,840,-2,3462.0,3,0,0,0,0,3464.0,14,0,0,0,0,S
2014-12-29,22:44:07,3462.0,2,842,-2,3461.0,8,0,0,0,0,3463.0,14,0,0,0,0,S
2014-12-29,22:44:56,3461.0,2,844,2,3460.0,5,0,0,0,0,3462.0,12,0,0,0,0,S
2014-12-29,22:45:16,3459.0,2,846,-2,3458.0,7,0,0,0,0,3461.0,11,0,0,0,0,S
2014-12-29,22:45:38,3452.0,2,848,-2,3452.0,1,0,0,0,0,3453.0,15,0,0,0,0,S
2014-12-29,22:45:40,3452.0,4,852,2,3452.0,1,0,0,0,0,3453.0,15,0,0,0,0,S
2014-12-29,22:45:43,3453.0,4,856,0,3452.0,7,0,0,0,0,3453.0,12,0,0,0,0,B
2014-12-29,22:45:44,3453.0,12,868,0,3452.0,4,0,0,0,0,3453.0,6,0,0,0,0,B
2014-12-29,22:45:52,3451.0,2,870,-2,3451.0,2,0,0,0,0,3452.0,14,0,0,0,0,S
2014-12-29,22:45:53,3451.0,4,874,-4,3450.0,3,0,0,0,0,3451.0,2,0,0,0,0,S
2014-12-29,22:45:55,3450.0,6,880,2,3449.0,3,0,0,0,0,3451.0,3,0,0,0,0,S
2014-12-29,22:46:03,3450.0,6,886,0,3449.0,3,0,0,0,0,3451.0,6,0,0,0,0,S
2014-12-29,22:46:05,3448.0,2,888,0,3448.0,1,0,0,0,0,3450.0,7,0,0,0,0,S
2014-12-29,22:46:15,3450.0,6,894,6,3449.0,3,0,0,0,0,3450.0,1,0,0,0,0,B
2014-12-29,22:46:16,3450.0,2,896,0,3450.0,2,0,0,0,0,3451.0,6,0,0,0,0,B
2014-12-29,22:46:22,3451.0,6,902,6,3451.0,2,0,0,0,0,3452.0,2,0,0,0,0,B
2014-12-29,22:46:51,3452.0,6,908,-6,3451.0,4,0,0,0,0,3453.0,13,0,0,0,0,B
2014-12-29,22:47:00,3452.0,6,914,-4,3451.0,4,0,0,0,0,3452.0,1,0,0,0,0,B
2014-12-29,22:47:05,3451.0,6,920,-6,3450.0,3,0,0,0,0,3452.0,2,0,0,0,0,S
2014-12-29,22:47:06,3450.0,12,932,0,3450.0,2,0,0,0,0,3451.0,6,0,0,0,0,S
2014-12-29,22:47:07,3451.0,2,934,0,3450.0,7,0,0,0,0,3451.0,5,0,0,0,0,B
2014-12-29,22:47:07,3451.0,6,940,6,3450.0,7,0,0,0,0,3451.0,2,0,0,0,0,B
2014-12-29,22:47:12,3450.0,2,942,-2,3450.0,4,0,0,0,0,3451.0,2,0,0,0,0,S
2014-12-29,22:47:14,3451.0,4,946,4,3450.0,6,0,0,0,0,3453.0,4,0,0,0,0,B
2014-12-29,22:49:00,3452.0,6,952,6,3451.0,3,0,0,0,0,3452.0,3,0,0,0,0,B
2014-12-29,22:49:18,3451.0,4,956,0,3450.0,7,0,0,0,0,3451.0,1,0,0,0,0,S
2014-12-29,22:49:35,3451.0,2,958,0,3450.0,3,0,0,0,0,3451.0,5,0,0,0,0,S
2014-12-29,22:49:53,3449.0,4,962,0,3448.0,5,0,0,0,0,3450.0,15,0,0,0,0,S
2014-12-29,22:50:01,3447.0,2,964,0,3447.0,4,0,0,0,0,3448.0,3,0,0,0,0,S
2014-12-29,22:50:02,3447.0,2,966,-2,3446.0,1,0,0,0,0,3447.0,3,0,0,0,0,S
2014-12-29,22:50:04,3446.0,2,968,0,3445.0,1,0,0,0,0,3447.0,7,0,0,0,0,S
2014-12-29,22:50:05,3444.0,2,970,0,3444.0,2,0,0,0,0,3445.0,2,0,0,0,0,S
2014-12-29,22:50:06,3444.0,4,974,2,3443.0,5,0,0,0,0,3444.0,1,0,0,0,0,S
2014-12-29,22:50:08,3444.0,6,980,0,3444.0,3,0,0,0,0,3445.0,5,0,0,0,0,S
2014-12-29,22:50:13,3444.0,2,982,0,3443.0,13,0,0,0,0,3444.0,2,0,0,0,0,S
2014-12-29,22:50:14,3444.0,4,986,0,3444.0,1,0,0,0,0,3445.0,6,0,0,0,0,S
2014-12-29,22:50:16,3445.0,2,988,0,3444.0,5,0,0,0,0,3445.0,2,0,0,0,0,B
2014-12-29,22:50:26,3445.0,2,990,2,3444.0,11,0,0,0,0,3446.0,6,0,0,0,0,B
2014-12-29,22:50:35,3446.0,2,992,0,3445.0,3,0,0,0,0,3446.0,4,0,0,0,0,B
2014-12-29,22:50:38,3445.0,6,998,0,3444.0,6,0,0,0,0,3445.0,1,0,0,0,0,S
2014-12-29,22:50:58,3445.0,2,1000,2,3446.0,2,0,0,0,0,3447.0,5,0,0,0,0,S
2014-12-29,22:51:11,3447.0,4,1004,-4,3447.0,3,0,0,0,0,3448.0,3,0,0,0,0,B
2014-12-29,22:51:18,3448.0,4,1008,-4,3447.0,4,0,0,0,0,3449.0,14,0,0,0,0,B
2014-12-29,22:51:34,3449.0,2,1010,-2,3448.0,11,0,0,0,0,3449.0,1,0,0,0,0,B
2014-12-29,22:51:41,3450.0,2,1012,0,3448.0,11,0,0,0,0,3450.0,19,0,0,0,0,B
2014-12-29,22:51:59,3448.0,6,1018,6,3447.0,3,0,0,0,0,3449.0,17,0,0,0,0,S
2014-12-29,22:52:30,3447.0,6,1024,6,3446.0,15,0,0,0,0,3448.0,3,0,0,0,0,S
2014-12-29,22:52:31,3446.0,6,1030,6,3446.0,12,0,0,0,0,3448.0,3,0,0,0,0,S
2014-12-29,22:52:45,3446.0,2,1032,0,3445.0,7,0,0,0,0,3447.0,3,0,0,0,0,S
2014-12-29,22:53:16,3447.0,2,1034,0,3446.0,13,0,0,0,0,3447.0,2,0,0,0,0,B
2014-12-29,22:53:40,3447.0,8,1042,-8,3447.0,2,0,0,0,0,3448.0,7,0,0,0,0,B
2014-12-29,22:54:13,3448.0,6,1048,0,3448.0,1,0,0,0,0,3449.0,7,0,0,0,0,B
2014-12-29,22:54:30,3449.0,2,1050,2,3448.0,10,0,0,0,0,3449.0,2,0,0,0,0,B
2014-12-29,22:55:50,3449.0,10,1060,6,3449.0,5,0,0,0,0,3450.0,23,0,0,0,0,B
2014-12-29,22:57:03,3450.0,2,1062,-2,3449.0,7,0,0,0,0,3450.0,2,0,0,0,0,B
2014-12-29,22:58:25,3449.0,2,1064,0,3449.0,4,0,0,0,0,3450.0,22,0,0,0,0,S
2014-12-29,22:58:44,3449.0,8,1072,2,3448.0,3,0,0,0,0,3449.0,12,0,0,0,0,S
2014-12-29,22:59:09,3447.0,8,1080,-6,3446.0,5,0,0,0,0,3447.0,24,0,0,0,0,S
2014-12-29,22:59:25,3445.0,2,1082,0,3444.0,11,0,0,0,0,3446.0,15,0,0,0,0,S
2014-12-29,22:59:37,3444.0,2,1084,-2,3444.0,4,0,0,0,0,3445.0,12,0,0,0,0,S
2014-12-29,22:59:38,3444.0,8,1092,-2,3443.0,2,0,0,0,0,3444.0,11,0,0,0,0,S
2014-12-29,22:59:42,3441.0,2,1094,-2,3440.0,2,0,0,0,0,3443.0,13,0,0,0,0,S
2014-12-29,22:59:53,3443.0,2,1096,0,3443.0,2,0,0,0,0,3444.0,14,0,0,0,0,B
2014-12-29,22:59:58,3443.0,2,1098,2,3444.0,5,0,0,0,0,3446.0,14,0,0,0,0,B
2014-12-29,23:01:28,3443.0,2,1100,2,3443.0,1,0,0,0,0,3444.0,15,0,0,0,0,B
2014-12-29,23:01:36,3443.0,2,1102,-2,3443.0,2,0,0,0,0,3444.0,15,0,0,0,0,B
2014-12-29,23:01:38,3444.0,2,1104,-2,3444.0,1,0,0,0,0,3445.0,17,0,0,0,0,B
2014-12-29,23:01:43,3443.0,4,1108,0,3442.0,9,0,0,0,0,3444.0,14,0,0,0,0,S
2014-12-29,23:01:54,3443.0,4,1112,2,3443.0,2,0,0,0,0,3444.0,17,0,0,0,0,S
2014-12-29,23:01:57,3443.0,2,1114,0,3443.0,8,0,0,0,0,3445.0,18,0,0,0,0,S
2014-12-29,23:02:04,3444.0,2,1116,0,3443.0,8,0,0,0,0,3445.0,17,0,0,0,0,B
2014-12-29,23:02:10,3443.0,4,1120,-4,3443.0,1,0,0,0,0,3444.0,14,0,0,0,0,S
2014-12-29,23:02:10,3443.0,2,1122,0,3442.0,5,0,0,0,0,3444.0,17,0,0,0,0,S
2014-12-29,23:02:25,3443.0,6,1128,6,3443.0,1,0,0,0,0,3444.0,16,0,0,0,0,S
2014-12-29,23:02:33,3444.0,10,1138,2,3442.0,10,0,0,0,0,3444.0,12,0,0,0,0,B
2014-12-29,23:02:48,3444.0,2,1140,0,3443.0,5,0,0,0,0,3444.0,10,0,0,0,0,B
2014-12-29,23:02:55,3443.0,4,1144,-4,3443.0,3,0,0,0,0,3444.0,10,0,0,0,0,S
2014-12-29,23:03:24,3444.0,6,1150,-4,3443.0,3,0,0,0,0,3444.0,6,0,0,0,0,B
2014-12-29,23:03:28,3444.0,4,1154,4,3441.0,7,0,0,0,0,3443.0,9,0,0,0,0,B
2014-12-29,23:03:29,3443.0,2,1156,0,3441.0,7,0,0,0,0,3443.0,8,0,0,0,0,S
2014-12-29,23:03:40,3440.0,6,1162,2,3440.0,2,0,0,0,0,3441.0,2,0,0,0,0,S
2014-12-29,23:03:43,3441.0,4,1166,-4,3441.0,1,0,0,0,0,3442.0,4,0,0,0,0,B
2014-12-29,23:03:43,3441.0,2,1168,0,3440.0,4,0,0,0,0,3441.0,1,0,0,0,0,B
2014-12-29,23:03:46,3440.0,2,1170,0,3439.0,5,0,0,0,0,3441.0,3,0,0,0,0,S
2014-12-29,23:03:52,3441.0,2,1172,2,3440.0,5,0,0,0,0,3441.0,2,0,0,0,0,B
2014-12-29,23:04:00,3441.0,4,1176,2,3441.0,3,0,0,0,0,3442.0,3,0,0,0,0,B
2014-12-29,23:04:04,3442.0,4,1180,0,3441.0,5,0,0,0,0,3442.0,1,0,0,0,0,B
2014-12-29,23:04:04,3442.0,2,1182,0,3441.0,5,0,0,0,0,3444.0,13,0,0,0,0,B
2014-12-29,23:04:18,3442.0,6,1188,0,3441.0,5,0,0,0,0,3443.0,2,0,0,0,0,B
2014-12-29,23:04:23,3442.0,6,1194,-4,3441.0,5,0,0,0,0,3442.0,2,0,0,0,0,B
2014-12-29,23:06:07,3443.0,4,1198,0,3442.0,8,0,0,0,0,3443.0,1,0,0,0,0,B
2014-12-29,23:06:07,3443.0,2,1200,0,3443.0,1,0,0,0,0,3444.0,3,0,0,0,0,B
2014-12-29,23:06:35,3444.0,2,1202,2,3443.0,1,0,0,0,0,3444.0,4,0,0,0,0,B
2014-12-29,23:06:47,3444.0,4,1206,0,3443.0,6,0,0,0,0,3446.0,11,0,0,0,0,B
2014-12-29,23:06:50,3444.0,2,1208,-2,3444.0,1,0,0,0,0,3445.0,13,0,0,0,0,B
2014-12-29,23:07:54,3445.0,6,1214,0,3445.0,2,0,0,0,0,3446.0,5,0,0,0,0,B
2014-12-29,23:08:01,3446.0,2,1216,0,3445.0,3,0,0,0,0,3446.0,4,0,0,0,0,B
2014-12-29,23:08:39,3445.0,6,1222,-6,3444.0,9,0,0,0,0,3446.0,5,0,0,0,0,S
2014-12-29,23:10:18,3446.0,8,1230,-2,3446.0,3,0,0,0,0,3447.0,1,0,0,0,0,B
2014-12-29,23:10:19,3447.0,2,1232,0,3447.0,3,0,0,0,0,3449.0,1,0,0,0,0,B
2014-12-29,23:12:52,3448.0,2,1234,0,3448.0,2,0,0,0,0,3449.0,1,0,0,0,0,B
2014-12-29,23:13:04,3448.0,8,1242,6,3447.0,8,0,0,0,0,3448.0,11,0,0,0,0,B
2014-12-29,23:13:10,3448.0,2,1244,2,3447.0,18,0,0,0,0,3448.0,10,0,0,0,0,B
2014-12-29,23:13:10,3448.0,6,1250,2,3447.0,17,0,0,0,0,3448.0,7,0,0,0,0,B
2014-12-29,23:13:11,3448.0,2,1252,2,3447.0,20,0,0,0,0,3448.0,6,0,0,0,0,B
2014-12-29,23:13:11,3448.0,10,1262,4,3447.0,20,0,0,0,0,3448.0,1,0,0,0,0,B
2014-12-29,23:13:12,3448.0,2,1264,0,3447.0,20,0,0,0,0,3449.0,2,0,0,0,0,B
2014-12-29,23:13:18,3449.0,6,1270,0,3448.0,3,0,0,0,0,3449.0,1,0,0,0,0,B
2014-12-29,23:13:28,3448.0,6,1276,0,3448.0,2,0,0,0,0,3449.0,5,0,0,0,0,S
2014-12-29,23:13:43,3449.0,4,1280,-4,3448.0,6,0,0,0,0,3449.0,1,0,0,0,0,B
2014-12-29,23:14:00,3450.0,2,1282,0,3449.0,3,0,0,0,0,3450.0,2,0,0,0,0,B
2014-12-29,23:14:32,3450.0,4,1286,0,3449.0,3,0,0,0,0,3450.0,1,0,0,0,0,B
2014-12-29,23:14:38,3449.0,6,1292,6,3448.0,5,0,0,0,0,3449.0,4,0,0,0,0,S
2014-12-29,23:14:43,3448.0,12,1304,-4,3447.0,6,0,0,0,0,3448.0,13,0,0,0,0,S
2014-12-29,23:14:48,3446.0,24,1328,-4,3445.0,9,0,0,0,0,3446.0,1,0,0,0,0,S
2014-12-29,23:14:49,3446.0,2,1330,0,3446.0,2,0,0,0,0,3448.0,3,0,0,0,0,S
2014-12-29,23:14:59,3448.0,2,1332,0,3447.0,6,0,0,0,0,3448.0,4,0,0,0,0,B
2014-12-29,23:15:00,3448.0,6,1338,6,3447.0,5,0,0,0,0,3448.0,1,0,0,0,0,B
2014-12-29,23:15:03,3448.0,12,1350,12,3447.0,7,0,0,0,0,3449.0,4,0,0,0,0,B
2014-12-29,23:15:39,3447.0,4,1354,0,3446.0,10,0,0,0,0,3447.0,2,0,0,0,0,S
2014-12-29,23:15:58,3447.0,10,1364,-2,3447.0,11,0,0,0,0,3448.0,3,0,0,0,0,S
2014-12-29,23:16:10,3447.0,2,1366,0,3446.0,8,0,0,0,0,3447.0,5,0,0,0,0,S
2014-12-29,23:16:24,3446.0,2,1368,2,3445.0,8,0,0,0,0,3446.0,4,0,0,0,0,S
2014-12-29,23:17:57,3444.0,2,1370,0,3443.0,8,0,0,0,0,3445.0,7,0,0,0,0,S
2014-12-29,23:18:32,3445.0,2,1372,0,3444.0,19,0,0,0,0,3446.0,6,0,0,0,0,B
2014-12-29,23:18:37,3445.0,2,1374,0,3445.0,2,0,0,0,0,3446.0,5,0,0,0,0,B
2014-12-29,23:19:31,3446.0,2,1376,2,3445.0,8,0,0,0,0,3447.0,9,0,0,0,0,B
2014-12-29,23:20:12,3446.0,6,1382,-6,3445.0,8,0,0,0,0,3446.0,3,0,0,0,0,B
2014-12-29,23:20:28,3446.0,4,1386,4,3445.0,16,0,0,0,0,3447.0,6,0,0,0,0,B
2014-12-29,23:21:13,3445.0,2,1388,0,3445.0,5,0,0,0,0,3446.0,7,0,0,0,0,S
2014-12-29,23:21:14,3445.0,10,1398,10,3444.0,5,0,0,0,0,3445.0,2,0,0,0,0,S
2014-12-29,23:21:33,3445.0,4,1402,0,3444.0,8,0,0,0,0,3446.0,7,0,0,0,0,S
2014-12-29,23:24:20,3445.0,6,1408,-6,3444.0,6,0,0,0,0,3446.0,7,0,0,0,0,S
2014-12-29,23:24:24,3445.0,4,1412,0,3444.0,6,0,0,0,0,3445.0,1,0,0,0,0,S
2014-12-29,23:24:27,3444.0,4,1416,-4,3444.0,2,0,0,0,0,3445.0,13,0,0,0,0,S
2014-12-29,23:24:28,3444.0,2,1418,2,3443.0,1,0,0,0,0,3444.0,1,0,0,0,0,S
2014-12-29,23:24:34,3443.0,6,1424,0,3442.0,11,0,0,0,0,3444.0,3,0,0,0,0,S
2014-12-29,23:24:46,3442.0,8,1432,2,3442.0,1,0,0,0,0,3443.0,2,0,0,0,0,S
2014-12-29,23:26:47,3443.0,6,1438,6,3442.0,5,0,0,0,0,3443.0,1,0,0,0,0,B
2014-12-29,23:26:52,3442.0,4,1442,-4,3442.0,1,0,0,0,0,3443.0,4,0,0,0,0,S
2014-12-29,23:27:00,3443.0,6,1448,0,3442.0,10,0,0,0,0,3444.0,6,0,0,0,0,B
2014-12-29,23:27:03,3443.0,6,1454,0,3442.0,5,0,0,0,0,3443.0,3,0,0,0,0,B
2014-12-29,23:27:24,3443.0,6,1460,0,3442.0,5,0,0,0,0,3444.0,14,0,0,0,0,B
2014-12-29,23:27:44,3443.0,6,1466,0,3443.0,1,0,0,0,0,3444.0,16,0,0,0,0,B
2014-12-29,23:29:12,3444.0,6,1472,0,3443.0,6,0,0,0,0,3445.0,1,0,0,0,0,B
2014-12-29,23:29:26,3445.0,6,1478,0,3444.0,3,0,0,0,0,3445.0,1,0,0,0,0,B
2014-12-29,23:30:59,3444.0,6,1484,6,3443.0,11,0,0,0,0,3444.0,1,0,0,0,0,S
2014-12-29,23:31:14,3444.0,2,1486,2,3443.0,11,0,0,0,0,3445.0,6,0,0,0,0,S
2014-12-29,23:31:45,3445.0,6,1492,0,3444.0,3,0,0,0,0,3446.0,4,0,0,0,0,B
2014-12-29,23:32:56,3445.0,2,1494,2,3444.0,8,0,0,0,0,3445.0,2,0,0,0,0,B
2014-12-29,23:33:18,3446.0,6,1500,0,3446.0,4,0,0,0,0,3447.0,4,0,0,0,0,B
2014-12-29,23:33:37,3447.0,2,1502,0,3447.0,2,0,0,0,0,3448.0,2,0,0,0,0,B
2014-12-29,23:33:45,3450.0,2,1504,-2,3449.0,4,0,0,0,0,3450.0,6,0,0,0,0,B
2014-12-29,23:33:46,3450.0,2,1506,0,3449.0,4,0,0,0,0,3450.0,5,0,0,0,0,B
2014-12-29,23:33:47,3450.0,2,1508,0,3448.0,5,0,0,0,0,3450.0,5,0,0,0,0,B
2014-12-29,23:33:51,3450.0,2,1510,2,3449.0,5,0,0,0,0,3450.0,3,0,0,0,0,B
2014-12-29,23:33:53,3450.0,2,1512,0,3450.0,2,0,0,0,0,3452.0,2,0,0,0,0,B
2014-12-29,23:33:56,3450.0,6,1518,2,3449.0,3,0,0,0,0,3450.0,3,0,0,0,0,B
2014-12-29,23:34:00,3449.0,2,1520,0,3449.0,3,0,0,0,0,3450.0,4,0,0,0,0,S
2014-12-29,23:34:03,3450.0,2,1522,0,3449.0,3,0,0,0,0,3450.0,1,0,0,0,0,B
2014-12-29,23:34:03,3450.0,2,1524,2,3450.0,1,0,0,0,0,3451.0,5,0,0,0,0,B
2014-12-29,23:34:21,3451.0,2,1526,0,3450.0,5,0,0,0,0,3452.0,3,0,0,0,0,B
2014-12-29,23:34:31,3452.0,2,1528,0,3451.0,3,0,0,0,0,3452.0,4,0,0,0,0,B
2014-12-29,23:34:33,3451.0,6,1534,6,3450.0,4,0,0,0,0,3451.0,1,0,0,0,0,S
2014-12-29,23:34:38,3450.0,4,1538,-4,3450.0,1,0,0,0,0,3451.0,5,0,0,0,0,S
2014-12-29,23:36:30,3448.0,4,1542,2,3446.0,3,0,0,0,0,3449.0,11,0,0,0,0,S
2014-12-29,23:37:31,3447.0,6,1548,-2,3447.0,2,0,0,0,0,3448.0,4,0,0,0,0,S
2014-12-29,23:37:31,3447.0,2,1550,0,3446.0,3,0,0,0,0,3448.0,14,0,0,0,0,S
2014-12-29,23:37:57,3447.0,6,1556,0,3446.0,7,0,0,0,0,3448.0,3,0,0,0,0,S
2014-12-29,23:38:03,3447.0,6,1562,0,3447.0,1,0,0,0,0,3448.0,16,0,0,0,0,S
2014-12-29,23:38:26,3447.0,2,1564,0,3446.0,5,0,0,0,0,3448.0,6,0,0,0,0,S
2014-12-29,23:40:13,3447.0,2,1566,-2,3446.0,5,0,0,0,0,3448.0,15,0,0,0,0,S
2014-12-29,23:40:16,3446.0,2,1568,0,3446.0,2,0,0,0,0,3447.0,15,0,0,0,0,S
2014-12-29,23:40:18,3446.0,4,1572,0,3444.0,4,0,0,0,0,3446.0,1,0,0,0,0,S
2014-12-29,23:40:21,3445.0,2,1574,0,3444.0,1,0,0,0,0,3445.0,3,0,0,0,0,S
2014-12-29,23:40:22,3444.0,2,1576,0,3443.0,9,0,0,0,0,3445.0,4,0,0,0,0,S
2014-12-29,23:40:26,3442.0,2,1578,0,3442.0,2,0,0,0,0,3443.0,1,0,0,0,0,S
2014-12-29,23:40:30,3441.0,2,1580,0,3441.0,10,0,0,0,0,3442.0,5,0,0,0,0,S
2014-12-29,23:40:31,3441.0,2,1582,2,3441.0,8,0,0,0,0,3442.0,6,0,0,0,0,S
2014-12-29,23:40:39,3441.0,4,1586,0,3441.0,6,0,0,0,0,3442.0,16,0,0,0,0,S
2014-12-29,23:40:40,3441.0,2,1588,2,3441.0,5,0,0,0,0,3442.0,18,0,0,0,0,S
2014-12-29,23:40:43,3441.0,10,1598,4,3439.0,5,0,0,0,0,3441.0,11,0,0,0,0,S
2014-12-29,23:40:44,3441.0,4,1602,-2,3440.0,4,0,0,0,0,3442.0,5,0,0,0,0,S
2014-12-29,23:40:52,3442.0,6,1608,0,3441.0,3,0,0,0,0,3442.0,3,0,0,0,0,B
2014-12-29,23:41:08,3442.0,6,1614,6,3441.0,6,0,0,0,0,3443.0,3,0,0,0,0,B
2014-12-29,23:41:14,3441.0,6,1620,-6,3440.0,2,0,0,0,0,3441.0,1,0,0,0,0,S
2014-12-29,23:41:17,3441.0,4,1624,-2,3440.0,4,0,0,0,0,3442.0,2,0,0,0,0,S
2014-12-29,23:41:45,3442.0,6,1630,0,3442.0,1,0,0,0,0,3443.0,2,0,0,0,0,B
2014-12-29,23:41:51,3443.0,6,1636,0,3442.0,5,0,0,0,0,3444.0,20,0,0,0,0,B
2014-12-29,23:42:23,3442.0,4,1640,0,3442.0,1,0,0,0,0,3443.0,13,0,0,0,0,S
2014-12-29,23:42:24,3442.0,2,1642,-2,3441.0,4,0,0,0,0,3443.0,20,0,0,0,0,S
2014-12-29,23:42:35,3441.0,2,1644,0,3440.0,2,0,0,0,0,3442.0,20,0,0,0,0,S
2014-12-29,23:42:53,3441.0,4,1648,0,3440.0,5,0,0,0,0,3441.0,1,0,0,0,0,S
2014-12-29,23:42:54,3441.0,2,1650,0,3441.0,1,0,0,0,0,3442.0,3,0,0,0,0,S
2014-12-29,23:42:56,3442.0,10,1660,4,3441.0,3,0,0,0,0,3443.0,3,0,0,0,0,B
2014-12-29,23:43:21,3443.0,6,1666,0,3443.0,1,0,0,0,0,3444.0,3,0,0,0,0,B
2014-12-29,23:43:27,3444.0,2,1668,0,3443.0,7,0,0,0,0,3446.0,12,0,0,0,0,B
2014-12-29,23:43:34,3444.0,2,1670,-2,3443.0,7,0,0,0,0,3445.0,14,0,0,0,0,B
2014-12-29,23:43:41,3443.0,10,1680,-6,3442.0,5,0,0,0,0,3443.0,13,0,0,0,0,S
2014-12-29,23:43:43,3442.0,2,1682,0,3441.0,4,0,0,0,0,3443.0,1,0,0,0,0,S
2014-12-29,23:45:23,3441.0,6,1688,0,3440.0,4,0,0,0,0,3441.0,11,0,0,0,0,S
2014-12-29,23:45:25,3440.0,4,1692,0,3439.0,8,0,0,0,0,3440.0,1,0,0,0,0,S
2014-12-29,23:45:26,3440.0,2,1694,0,3439.0,8,0,0,0,0,3441.0,19,0,0,0,0,S
2014-12-29,23:45:34,3439.0,8,1702,2,3437.0,1,0,0,0,0,3439.0,9,0,0,0,0,S
2014-12-29,23:45:36,3436.0,2,1704,2,3435.0,1,0,0,0,0,3436.0,1,0,0,0,0,S
2014-12-29,23:45:37,3435.0,2,1706,-2,3434.0,1,0,0,0,0,3436.0,4,0,0,0,0,S
2014-12-29,23:45:38,3433.0,2,1708,0,3431.0,1,0,0,0,0,3433.0,8,0,0,0,0,S
2014-12-29,23:45:43,3432.0,6,1714,6,3432.0,1,0,0,0,0,3433.0,10,0,0,0,0,S
2014-12-29,23:45:48,3433.0,6,1720,0,3433.0,4,0,0,0,0,3434.0,2,0,0,0,0,B
2014-12-29,23:45:53,3433.0,2,1722,0,3434.0,4,0,0,0,0,3435.0,2,0,0,0,0,B
2014-12-29,23:45:55,3434.0,4,1726,0,3433.0,3,0,0,0,0,3434.0,8,0,0,0,0,B
2014-12-29,23:46:03,3433.0,2,1728,0,3432.0,6,0,0,0,0,3434.0,15,0,0,0,0,S
2014-12-29,23:46:05,3434.0,12,1740,10,3432.0,6,0,0,0,0,3434.0,9,0,0,0,0,B
2014-12-29,23:46:12,3434.0,2,1742,0,3434.0,4,0,0,0,0,3435.0,13,0,0,0,0,B
2014-12-29,23:46:12,3434.0,8,1750,0,3433.0,3,0,0,0,0,3434.0,4,0,0,0,0,B
2014-12-29,23:46:26,3434.0,6,1756,-6,3433.0,5,0,0,0,0,3434.0,6,0,0,0,0,B
2014-12-29,23:46:35,3434.0,8,1764,0,3433.0,11,0,0,0,0,3434.0,2,0,0,0,0,B
2014-12-29,23:46:36,3434.0,4,1768,-4,3434.0,4,0,0,0,0,3435.0,2,0,0,0,0,B
2014-12-29,23:46:45,3433.0,4,1772,-4,3433.0,6,0,0,0,0,3434.0,13,0,0,0,0,S
2014-12-29,23:46:46,3433.0,2,1774,0,3433.0,5,0,0,0,0,3434.0,14,0,0,0,0,S
2014-12-29,23:46:46,3432.0,12,1786,10,3432.0,3,0,0,0,0,3433.0,18,0,0,0,0,S
2014-12-29,23:46:47,3432.0,4,1790,0,3431.0,1,0,0,0,0,3432.0,10,0,0,0,0,S
2014-12-29,23:46:49,3431.0,2,1792,0,3430.0,2,0,0,0,0,3431.0,14,0,0,0,0,S
2014-12-29,23:46:53,3430.0,6,1798,0,3430.0,2,0,0,0,0,3431.0,33,0,0,0,0,S
2014-12-29,23:46:55,3429.0,2,1800,0,3427.0,4,0,0,0,0,3430.0,31,0,0,0,0,S
2014-12-29,23:47:02,3430.0,4,1804,0,3430.0,1,0,0,0,0,3431.0,13,0,0,0,0,B
2014-12-29,23:47:05,3430.0,4,1808,0,3429.0,2,0,0,0,0,3430.0,8,0,0,0,0,B
2014-12-29,23:47:09,3430.0,6,1814,0,3429.0,2,0,0,0,0,3430.0,5,0,0,0,0,B
2014-12-29,23:47:16,3427.0,6,1820,0,3427.0,2,0,0,0,0,3428.0,8,0,0,0,0,S
2014-12-29,23:47:17,3428.0,6,1826,-6,3427.0,6,0,0,0,0,3429.0,8,0,0,0,0,B
2014-12-29,23:47:31,3429.0,6,1832,6,3428.0,4,0,0,0,0,3429.0,1,0,0,0,0,B
2014-12-29,23:47:34,3428.0,6,1838,6,3427.0,5,0,0,0,0,3429.0,5,0,0,0,0,S
2014-12-29,23:47:50,3428.0,2,1840,-2,3427.0,6,0,0,0,0,3428.0,2,0,0,0,0,S
2014-12-29,23:47:50,3428.0,4,1844,-4,3428.0,1,0,0,0,0,3429.0,3,0,0,0,0,S
2014-12-29,23:47:55,3428.0,6,1850,-6,3428.0,4,0,0,0,0,3429.0,3,0,0,0,0,S
2014-12-29,23:47:56,3428.0,8,1858,-6,3427.0,4,0,0,0,0,3428.0,3,0,0,0,0,S
2014-12-29,23:48:26,3430.0,2,1860,-2,3429.0,4,0,0,0,0,3430.0,7,0,0,0,0,B
2014-12-29,23:48:44,3431.0,4,1864,-2,3430.0,1,0,0,0,0,3431.0,1,0,0,0,0,B
2014-12-29,23:49:05,3434.0,4,1868,2,3434.0,1,0,0,0,0,3435.0,14,0,0,0,0,B
2014-12-29,23:49:06,3434.0,2,1870,0,3433.0,4,0,0,0,0,3435.0,15,0,0,0,0,B
2014-12-29,23:49:24,3434.0,2,1872,-2,3433.0,5,0,0,0,0,3434.0,2,0,0,0,0,B
2014-12-29,23:49:49,3435.0,6,1878,-4,3434.0,4,0,0,0,0,3436.0,12,0,0,0,0,B
2014-12-29,23:50:01,3434.0,2,1880,0,3434.0,2,0,0,0,0,3435.0,14,0,0,0,0,S
2014-12-29,23:50:12,3434.0,2,1882,-2,3433.0,6,0,0,0,0,3435.0,7,0,0,0,0,S
2014-12-29,23:50:33,3434.0,4,1886,0,3434.0,6,0,0,0,0,3435.0,3,0,0,0,0,S
2014-12-29,23:51:09,3434.0,2,1888,0,3434.0,1,0,0,0,0,3435.0,3,0,0,0,0,S
2014-12-29,23:51:10,3433.0,2,1890,2,3433.0,5,0,0,0,0,3435.0,3,0,0,0,0,S
2014-12-29,23:51:11,3433.0,2,1892,0,3433.0,4,0,0,0,0,3435.0,3,0,0,0,0,S
2014-12-29,23:51:13,3433.0,2,1894,2,3433.0,3,0,0,0,0,3435.0,3,0,0,0,0,S
2014-12-29,23:51:22,3433.0,2,1896,2,3433.0,7,0,0,0,0,3434.0,3,0,0,0,0,S
2014-12-29,23:51:26,3433.0,2,1898,2,3433.0,6,0,0,0,0,3434.0,3,0,0,0,0,S
2014-12-29,23:51:33,3433.0,2,1900,2,3433.0,4,0,0,0,0,3434.0,15,0,0,0,0,S
2014-12-29,23:51:38,3433.0,8,1908,8,3431.0,1,0,0,0,0,3433.0,13,0,0,0,0,S
2014-12-29,23:51:41,3431.0,2,1910,0,3429.0,1,0,0,0,0,3431.0,2,0,0,0,0,S
2014-12-29,23:51:43,3431.0,2,1912,0,3430.0,4,0,0,0,0,3432.0,3,0,0,0,0,S
2014-12-29,23:52:12,3432.0,6,1918,4,3431.0,15,0,0,0,0,3434.0,3,0,0,0,0,B
2014-12-29,23:52:37,3436.0,6,1924,-2,3435.0,14,0,0,0,0,3437.0,2,0,0,0,0,B
2014-12-29,23:53:05,3437.0,6,1930,-4,3436.0,3,0,0,0,0,3437.0,2,0,0,0,0,B
2014-12-29,23:53:21,3437.0,4,1934,-2,3436.0,3,0,0,0,0,3439.0,1,0,0,0,0,B
2014-12-29,23:53:29,3439.0,2,1936,2,3438.0,4,0,0,0,0,3439.0,2,0,0,0,0,B
2014-12-29,23:53:30,3439.0,2,1938,0,3438.0,3,0,0,0,0,3439.0,1,0,0,0,0,B
2014-12-29,23:54:32,3438.0,2,1940,0,3438.0,2,0,0,0,0,3439.0,12,0,0,0,0,S
2014-12-29,23:54:35,3438.0,2,1942,-2,3437.0,3,0,0,0,0,3439.0,16,0,0,0,0,S
2014-12-29,23:54:47,3437.0,2,1944,0,3436.0,3,0,0,0,0,3438.0,16,0,0,0,0,S
2014-12-29,23:55:08,3437.0,6,1950,0,3436.0,3,0,0,0,0,3438.0,3,0,0,0,0,S
2014-12-29,23:57:06,3438.0,2,1952,-2,3438.0,2,0,0,0,0,3439.0,25,0,0,0,0,B
2014-12-29,23:57:07,3438.0,4,1956,0,3437.0,4,0,0,0,0,3439.0,25,0,0,0,0,B
2014-12-30,00:00:10,3433.0,2,1958,0,3432.0,4,0,0,0,0,3434.0,3,0,0,0,0,S
2014-12-30,00:00:25,3434.0,4,1962,0,3432.0,3,0,0,0,0,3434.0,2,0,0,0,0,B
2014-12-30,00:00:39,3435.0,2,1964,0,3434.0,4,0,0,0,0,3436.0,5,0,0,0,0,B
2014-12-30,00:01:30,3436.0,2,1966,0,3435.0,3,0,0,0,0,3436.0,1,0,0,0,0,B
2014-12-30,00:01:31,3436.0,2,1968,0,3435.0,3,0,0,0,0,3437.0,1,0,0,0,0,B
2014-12-30,00:01:39,3437.0,2,1970,2,3436.0,16,0,0,0,0,3439.0,2,0,0,0,0,B
2014-12-30,00:02:12,3438.0,4,1974,-4,3438.0,1,0,0,0,0,3439.0,3,0,0,0,0,B
2014-12-30,00:02:50,3438.0,2,1976,0,3437.0,4,0,0,0,0,3439.0,2,0,0,0,0,B
2014-12-30,00:03:40,3439.0,2,1978,0,3438.0,15,0,0,0,0,3440.0,2,0,0,0,0,B
2014-12-30,00:04:22,3439.0,8,1986,4,3439.0,2,0,0,0,0,3440.0,6,0,0,0,0,B
2014-12-30,00:06:00,3438.0,2,1988,0,3437.0,3,0,0,0,0,3438.0,1,0,0,0,0,S
2014-12-30,00:06:08,3437.0,4,1992,-2,3437.0,1,0,0,0,0,3438.0,6,0,0,0,0,S
2014-12-30,00:08:13,3436.0,4,1996,4,3435.0,1,0,0,0,0,3436.0,1,0,0,0,0,S
2014-12-30,00:08:18,3435.0,2,1998,0,3435.0,1,0,0,0,0,3436.0,3,0,0,0,0,S
2014-12-30,00:08:21,3435.0,2,2000,0,3433.0,1,0,0,0,0,3435.0,7,0,0,0,0,S
2014-12-30,00:08:38,3435.0,2,2002,-2,3434.0,4,0,0,0,0,3435.0,4,0,0,0,0,S
2014-12-30,00:08:53,3435.0,8,2010,-2,3434.0,15,0,0,0,0,3436.0,5,0,0,0,0,S
2014-12-30,00:08:56,3436.0,4,2014,-4,3436.0,2,0,0,0,0,3437.0,2,0,0,0,0,B
2014-12-30,00:09:45,3436.0,6,2020,6,3435.0,5,0,0,0,0,3437.0,3,0,0,0,0,B
2014-12-30,00:10:07,3436.0,2,2022,0,3435.0,8,0,0,0,0,3437.0,19,0,0,0,0,B
2014-12-30,00:12:41,3437.0,2,2024,-2,3437.0,9,0,0,0,0,3438.0,4,0,0,0,0,B
2014-12-30,00:13:41,3437.0,2,2026,-2,3437.0,9,0,0,0,0,3438.0,4,0,0,0,0,B
2014-12-30,00:15:01,3438.0,4,2030,-4,3437.0,9,0,0,0,0,3439.0,16,0,0,0,0,B
2014-12-30,00:16:16,3438.0,2,2032,-2,3438.0,2,0,0,0,0,3439.0,32,0,0,0,0,B
2014-12-30,00:17:33,3438.0,4,2036,0,3437.0,6,0,0,0,0,3439.0,16,0,0,0,0,B
2014-12-30,00:19:01,3438.0,4,2040,2,3437.0,6,0,0,0,0,3438.0,1,0,0,0,0,B
2014-12-30,00:19:02,3439.0,4,2044,2,3438.0,1,0,0,0,0,3439.0,15,0,0,0,0,B
2014-12-30,00:19:37,3438.0,4,2048,4,3437.0,6,0,0,0,0,3438.0,1,0,0,0,0,S
2014-12-30,00:19:42,3438.0,2,2050,2,3437.0,17,0,0,0,0,3439.0,15,0,0,0,0,S
2014-12-30,00:21:11,3438.0,6,2056,6,3437.0,17,0,0,0,0,3439.0,15,0,0,0,0,S
2014-12-30,00:21:41,3439.0,6,2062,0,3438.0,18,0,0,0,0,3439.0,16,0,0,0,0,B
2014-12-30,00:21:51,3439.0,32,2094,-4,3439.0,1,0,0,0,0,3440.0,2,0,0,0,0,B
2014-12-30,00:21:53,3440.0,4,2098,0,3440.0,4,0,0,0,0,3442.0,2,0,0,0,0,B
2014-12-30,00:22:42,3440.0,2,2100,-2,3440.0,2,0,0,0,0,3442.0,13,0,0,0,0,B
2014-12-30,00:24:13,3437.0,10,2110,-10,3435.0,3,0,0,0,0,3437.0,7,0,0,0,0,S
2014-12-30,00:24:18,3436.0,2,2112,0,3436.0,1,0,0,0,0,3438.0,8,0,0,0,0,S
2014-12-30,00:26:30,3435.0,10,2122,-6,3434.0,1,0,0,0,0,3435.0,3,0,0,0,0,S
2014-12-30,00:27:27,3435.0,2,2124,-2,3435.0,2,0,0,0,0,3436.0,15,0,0,0,0,S
2014-12-30,00:27:28,3435.0,4,2128,0,3434.0,4,0,0,0,0,3436.0,15,0,0,0,0,S
2014-12-30,00:27:29,3434.0,2,2130,2,3432.0,1,0,0,0,0,3435.0,15,0,0,0,0,S
2014-12-30,00:27:43,3431.0,2,2132,0,3430.0,1,0,0,0,0,3432.0,12,0,0,0,0,S
2014-12-30,00:27:59,3430.0,2,2134,0,3429.0,1,0,0,0,0,3431.0,4,0,0,0,0,S
2014-12-30,00:28:13,3432.0,2,2136,0,3430.0,1,0,0,0,0,3433.0,13,0,0,0,0,B
2014-12-30,00:28:15,3433.0,2,2138,-2,3431.0,1,0,0,0,0,3433.0,1,0,0,0,0,B
2014-12-30,00:28:15,3433.0,2,2140,-2,3431.0,1,0,0,0,0,3434.0,11,0,0,0,0,B
2014-12-30,00:28:16,3431.0,2,2142,-2,3431.0,1,0,0,0,0,3433.0,1,0,0,0,0,S
2014-12-30,00:28:25,3433.0,4,2146,-2,3431.0,1,0,0,0,0,3433.0,11,0,0,0,0,B
2014-12-30,00:28:40,3433.0,2,2148,0,3431.0,11,0,0,0,0,3434.0,39,0,0,0,0,B
2014-12-30,00:29:04,3433.0,2,2150,-2,3432.0,11,0,0,0,0,3434.0,39,0,0,0,0,B
2014-12-30,00:34:30,3434.0,2,2152,0,3432.0,1,0,0,0,0,3435.0,10,0,0,0,0,B
2014-12-30,00:34:54,3433.0,2,2154,0,3433.0,1,0,0,0,0,3436.0,11,0,0,0,0,S
2014-12-30,00:45:15,3440.0,2,2156,0,3438.0,1,0,0,0,0,3441.0,1,0,0,0,0,B
2014-12-30,00:54:29,3444.0,4,2160,-4,3443.0,1,0,0,0,0,3444.0,2,0,0,0,0,B
2014-12-30,00:54:30,3444.0,4,2164,-2,3445.0,1,0,0,0,0,3448.0,12,0,0,0,0,B
2014-12-30,00:54:32,3449.0,2,2166,0,3449.0,10,0,0,0,0,3452.0,1,0,0,0,0,B
2014-12-30,00:54:33,3451.0,2,2168,0,3448.0,1,0,0,0,0,3451.0,11,0,0,0,0,B
2014-12-30,00:55:10,3450.0,2,2170,0,3450.0,1,0,0,0,0,3453.0,11,0,0,0,0,S
2014-12-30,00:55:24,3456.0,2,2172,0,3455.0,10,0,0,0,0,3457.0,2,0,0,0,0,B
2014-12-30,00:55:25,3457.0,2,2174,-2,3456.0,10,0,0,0,0,3457.0,1,0,0,0,0,B
2014-12-30,00:55:25,3457.0,2,2176,0,3455.0,18,0,0,0,0,3459.0,11,0,0,0,0,B
2014-12-30,00:55:28,3455.0,8,2184,0,3455.0,14,0,0,0,0,3459.0,11,0,0,0,0,S
2014-12-30,00:56:49,3451.0,2,2186,0,3448.0,11,0,0,0,0,3452.0,11,0,0,0,0,S
2014-12-30,00:57:33,3448.0,2,2188,0,3448.0,9,0,0,0,0,3452.0,16,0,0,0,0,S
2014-12-30,00:59:10,3452.0,2,2190,0,3448.0,11,0,0,0,0,3452.0,15,0,0,0,0,B
2014-12-30,01:00:18,3452.0,2,2192,0,3446.0,12,0,0,0,0,3450.0,14,0,0,0,0,B
2014-12-30,01:04:04,3445.0,2,2194,0,3442.0,11,0,0,0,0,3446.0,11,0,0,0,0,S
2014-12-30,01:06:28,3443.0,2,2196,2,3442.0,20,0,0,0,0,3443.0,10,0,0,0,0,S
2014-12-30,01:06:31,3442.0,40,2236,36,3438.0,11,0,0,0,0,3443.0,10,0,0,0,0,S
2014-12-30,01:07:20,3440.0,2,2238,0,3438.0,11,0,0,0,0,3440.0,3,0,0,0,0,S
2014-12-30,01:07:26,3440.0,6,2244,0,3440.0,15,0,0,0,0,3443.0,9,0,0,0,0,S
2014-12-30,01:29:16,3444.0,2,2246,-2,3442.0,15,0,0,0,0,3444.0,9,0,0,0,0,B
2014-12-30,01:36:33,3442.0,8,2254,-8,3442.0,11,0,0,0,0,3445.0,26,0,0,0,0,S
2014-12-30,01:37:38,3442.0,2,2256,0,3442.0,10,0,0,0,0,3444.0,5,0,0,0,0,S
2014-12-30,01:45:05,3445.0,2,2258,0,3442.0,10,0,0,0,0,3445.0,14,0,0,0,0,B
2014-12-30,01:56:38,3442.0,2,2260,-2,3442.0,9,0,0,0,0,3445.0,14,0,0,0,0,S
2014-12-30,01:57:10,3445.0,2,2262,0,3442.0,9,0,0,0,0,3445.0,13,0,0,0,0,B
2014-12-30,02:03:04,3435.0,20,2282,-8,3432.0,1,0,0,0,0,3435.0,9,0,0,0,0,S
2014-12-30,02:03:05,3432.0,2,2284,-2,3429.0,5,0,0,0,0,3432.0,1,0,0,0,0,S
2014-12-30,02:04:38,3429.0,2,2286,2,3429.0,3,0,0,0,0,3431.0,9,0,0,0,0,S
2014-12-30,02:08:23,3432.0,2,2288,0,3430.0,1,0,0,0,0,3432.0,11,0,0,0,0,B
2014-12-30,02:08:57,3430.0,2,2290,0,3429.0,3,0,0,0,0,3431.0,13,0,0,0,0,S
2014-12-30,02:15:09,3436.0,6,2296,0,3433.0,1,0,0,0,0,3436.0,1,0,0,0,0,B
2014-12-30,02:25:01,3438.0,2,2298,0,3434.0,1,0,0,0,0,3438.0,9,0,0,0,0,B
2014-12-30,02:29:00,3437.0,2,2300,-2,3437.0,5,0,0,0,0,3439.0,1,0,0,0,0,S
2014-12-30,02:29:01,3437.0,10,2310,-10,3433.0,1,0,0,0,0,3437.0,1,0,0,0,0,S
2014-12-30,09:00:01,3448.0,6,2316,-6,3439.0,9,0,0,0,0,3447.0,20,0,0,0,0,B
2014-12-30,09:00:02,3448.0,2,2318,-2,3440.0,9,0,0,0,0,3447.0,2,0,0,0,0,B
2014-12-30,09:00:23,3445.0,14,2332,-2,3444.0,1,0,0,0,0,3445.0,13,0,0,0,0,S
2014-12-30,09:00:34,3443.0,2,2334,0,3442.0,5,0,0,0,0,3444.0,1,0,0,0,0,S
2014-12-30,09:00:43,3439.0,22,2356,-8,3433.0,11,0,0,0,0,3435.0,1,0,0,0,0,S
2014-12-30,09:01:00,3441.0,4,2360,0,3441.0,3,0,0,0,0,3443.0,1,0,0,0,0,B
2014-12-30,09:01:02,3443.0,6,2366,0,3443.0,1,0,0,0,0,3445.0,14,0,0,0,0,B
2014-12-30,09:01:14,3442.0,2,2368,0,3441.0,1,0,0,0,0,3443.0,5,0,0,0,0,S
2014-12-30,09:01:15,3443.0,6,2374,0,3442.0,8,0,0,0,0,3443.0,2,0,0,0,0,B
2014-12-30,09:01:15,3443.0,2,2376,-2,3442.0,3,0,0,0,0,3443.0,2,0,0,0,0,B
2014-12-30,09:01:20,3441.0,2,2378,2,3440.0,9,0,0,0,0,3442.0,2,0,0,0,0,S
2014-12-30,09:01:22,3440.0,2,2380,-2,3440.0,2,0,0,0,0,3442.0,7,0,0,0,0,S
2014-12-30,09:01:37,3442.0,4,2384,4,3440.0,5,0,0,0,0,3442.0,1,0,0,0,0,B
2014-12-30,09:02:04,3443.0,2,2386,0,3442.0,2,0,0,0,0,3444.0,9,0,0,0,0,B
2014-12-30,09:04:41,3445.0,4,2390,0,3444.0,4,0,0,0,0,3445.0,17,0,0,0,0,B
2014-12-30,09:04:46,3445.0,14,2404,0,3444.0,13,0,0,0,0,3445.0,4,0,0,0,0,B
2014-12-30,09:04:46,3445.0,8,2412,0,3445.0,5,0,0,0,0,3446.0,6,0,0,0,0,B
2014-12-30,09:04:51,3445.0,4,2416,2,3444.0,7,0,0,0,0,3446.0,20,0,0,0,0,B
2014-12-30,09:06:10,3443.0,2,2418,-2,3442.0,7,0,0,0,0,3443.0,5,0,0,0,0,S
2014-12-30,09:06:51,3442.0,2,2420,0,3441.0,7,0,0,0,0,3443.0,11,0,0,0,0,S
2014-12-30,09:08:58,3443.0,4,2424,-4,3443.0,2,0,0,0,0,3444.0,18,0,0,0,0,B
2014-12-30,09:08:59,3444.0,2,2426,0,3442.0,3,0,0,0,0,3444.0,7,0,0,0,0,B
2014-12-30,09:09:02,3443.0,2,2428,0,3442.0,8,0,0,0,0,3444.0,4,0,0,0,0,S
2014-12-30,09:09:11,3442.0,4,2432,-4,3441.0,7,0,0,0,0,3442.0,4,0,0,0,0,S
2014-12-30,09:09:37,3444.0,4,2436,0,3443.0,1,0,0,0,0,3444.0,2,0,0,0,0,B
2014-12-30,09:11:58,3441.0,2,2438,0,3441.0,3,0,0,0,0,3442.0,19,0,0,0,0,S
2014-12-30,09:11:58,3441.0,6,2444,6,3440.0,3,0,0,0,0,3441.0,4,0,0,0,0,S
2014-12-30,09:12:17,3438.0,4,2448,2,3437.0,14,0,0,0,0,3438.0,1,0,0,0,0,S
2014-12-30,09:12:18,3439.0,6,2454,4,3439.0,3,0,0,0,0,3440.0,6,0,0,0,0,B
2014-12-30,09:12:30,3439.0,2,2456,-2,3439.0,3,0,0,0,0,3440.0,8,0,0,0,0,B
2014-12-30,09:12:47,3438.0,2,2458,0,3437.0,8,0,0,0,0,3439.0,9,0,0,0,0,S
2014-12-30,09:13:21,3438.0,2,2460,2,3437.0,11,0,0,0,0,3438.0,2,0,0,0,0,S
2014-12-30,09:14:24,3440.0,12,2472,-6,3439.0,3,0,0,0,0,3440.0,6,0,0,0,0,B
2014-12-30,09:14:56,3440.0,4,2476,-4,3439.0,3,0,0,0,0,3441.0,5,0,0,0,0,B
2014-12-30,09:15:13,3441.0,8,2484,0,3439.0,13,0,0,0,0,3441.0,1,0,0,0,0,B
2014-12-30,09:15:23,3442.0,2,2486,0,3440.0,4,0,0,0,0,3442.0,21,0,0,0,0,B
2014-12-30,09:18:44,3441.0,4,2490,-4,3441.0,4,0,0,0,0,3442.0,3,0,0,0,0,S
2014-12-30,09:18:45,3442.0,2,2492,0,3441.0,4,0,0,0,0,3442.0,2,0,0,0,0,B
2014-12-30,09:20:08,3444.0,6,2498,0,3444.0,1,0,0,0,0,3445.0,19,0,0,0,0,B
2014-12-30,09:20:38,3444.0,2,2500,-2,3444.0,1,0,0,0,0,3445.0,20,0,0,0,0,B
2014-12-30,09:20:56,3444.0,2,2502,-2,3443.0,6,0,0,0,0,3444.0,1,0,0,0,0,B
2014-12-30,09:20:57,3444.0,2,2504,0,3444.0,1,0,0,0,0,3445.0,18,0,0,0,0,B
2014-12-30,09:21:04,3444.0,2,2506,2,3443.0,8,0,0,0,0,3445.0,20,0,0,0,0,B
2014-12-30,09:21:16,3444.0,2,2508,0,3443.0,8,0,0,0,0,3445.0,20,0,0,0,0,B
2014-12-30,09:21:25,3445.0,2,2510,-2,3443.0,8,0,0,0,0,3445.0,19,0,0,0,0,B
2014-12-30,09:21:27,3445.0,8,2518,-8,3445.0,4,0,0,0,0,3446.0,10,0,0,0,0,B
2014-12-30,09:21:29,3446.0,4,2522,0,3446.0,3,0,0,0,0,3447.0,9,0,0,0,0,B
2014-12-30,09:22:20,3446.0,12,2534,-10,3444.0,7,0,0,0,0,3446.0,8,0,0,0,0,B
2014-12-30,09:22:28,3446.0,6,2540,-6,3445.0,3,0,0,0,0,3446.0,1,0,0,0,0,B
2014-12-30,09:25:32,3446.0,6,2546,6,3445.0,6,0,0,0,0,3446.0,7,0,0,0,0,B
2014-12-30,09:25:34,3445.0,4,2550,0,3445.0,1,0,0,0,0,3446.0,16,0,0,0,0,S
2014-12-30,09:26:07,3445.0,2,2552,2,3444.0,7,0,0,0,0,3446.0,19,0,0,0,0,S
2014-12-30,09:29:47,3450.0,2,2554,2,3448.0,1,0,0,0,0,3450.0,3,0,0,0,0,B
2014-12-30,09:29:52,3450.0,4,2558,-4,3450.0,1,0,0,0,0,3451.0,4,0,0,0,0,B
2014-12-30,09:30:10,3453.0,10,2568,8,3450.0,10,0,0,0,0,3452.0,4,0,0,0,0,B
2014-12-30,09:30:35,3452.0,6,2574,6,3450.0,4,0,0,0,0,3451.0,15,0,0,0,0,S
2014-12-30,09:31:04,3453.0,2,2576,-2,3453.0,4,0,0,0,0,3455.0,15,0,0,0,0,B
2014-12-30,09:31:21,3452.0,2,2578,2,3451.0,1,0,0,0,0,3452.0,14,0,0,0,0,S
2014-12-30,09:31:29,3451.0,2,2580,0,3450.0,4,0,0,0,0,3452.0,20,0,0,0,0,S
2014-12-30,09:33:15,3451.0,2,2582,-2,3450.0,2,0,0,0,0,3451.0,19,0,0,0,0,S
2014-12-30,09:33:18,3450.0,2,2584,0,3449.0,3,0,0,0,0,3450.0,1,0,0,0,0,S
2014-12-30,09:33:28,3450.0,4,2588,-2,3449.0,7,0,0,0,0,3451.0,4,0,0,0,0,S
2014-12-30,09:33:47,3450.0,2,2590,-2,3449.0,3,0,0,0,0,3450.0,4,0,0,0,0,S
2014-12-30,09:34:00,3449.0,2,2592,2,3449.0,2,0,0,0,0,3450.0,4,0,0,0,0,S
2014-12-30,09:34:40,3450.0,2,2594,0,3449.0,1,0,0,0,0,3450.0,9,0,0,0,0,B
2014-12-30,09:35:38,3450.0,6,2600,0,3450.0,3,0,0,0,0,3451.0,4,0,0,0,0,B
2014-12-30,09:37:44,3451.0,2,2602,2,3451.0,5,0,0,0,0,3452.0,5,0,0,0,0,B
2014-12-30,09:39:21,3459.0,14,2616,6,3459.0,17,0,0,0,0,3460.0,1,0,0,0,0,B
2014-12-30,09:39:21,3459.0,4,2620,-4,3460.0,3,0,0,0,0,3461.0,1,0,0,0,0,B
2014-12-30,09:39:25,3460.0,4,2624,4,3460.0,3,0,0,0,0,3461.0,8,0,0,0,0,B
2014-12-30,09:39:26,3461.0,4,2628,-4,3460.0,1,0,0,0,0,3461.0,10,0,0,0,0,B
2014-12-30,09:39:28,3460.0,2,2630,0,3459.0,3,0,0,0,0,3460.0,7,0,0,0,0,S
2014-12-30,09:39:37,3455.0,4,2634,-4,3455.0,4,0,0,0,0,3456.0,4,0,0,0,0,S
2014-12-30,09:39:41,3457.0,4,2638,2,3456.0,7,0,0,0,0,3458.0,4,0,0,0,0,B
2014-12-30,09:40:15,3457.0,2,2640,0,3455.0,10,0,0,0,0,3457.0,5,0,0,0,0,B
2014-12-30,09:40:41,3455.0,2,2642,0,3455.0,2,0,0,0,0,3456.0,4,0,0,0,0,S
2014-12-30,09:41:03,3455.0,12,2654,-4,3455.0,2,0,0,0,0,3456.0,4,0,0,0,0,S
2014-12-30,09:41:16,3455.0,4,2658,4,3455.0,5,0,0,0,0,3456.0,4,0,0,0,0,S
2014-12-30,09:43:56,3455.0,4,2662,-4,3453.0,6,0,0,0,0,3455.0,7,0,0,0,0,S
2014-12-30,09:44:20,3453.0,6,2668,4,3451.0,18,0,0,0,0,3454.0,13,0,0,0,0,S
2014-12-30,09:45:40,3453.0,2,2670,2,3453.0,2,0,0,0,0,3454.0,8,0,0,0,0,S
2014-12-30,09:45:50,3453.0,2,2672,0,3453.0,1,0,0,0,0,3454.0,10,0,0,0,0,S
2014-12-30,09:46:06,3453.0,6,2678,6,3452.0,9,0,0,0,0,3453.0,1,0,0,0,0,S
2014-12-30,09:46:09,3453.0,2,2680,0,3453.0,2,0,0,0,0,3454.0,8,0,0,0,0,S
2014-12-30,09:47:15,3452.0,2,2682,-2,3451.0,4,0,0,0,0,3452.0,2,0,0,0,0,S
2014-12-30,09:47:49,3450.0,2,2684,-2,3449.0,6,0,0,0,0,3450.0,2,0,0,0,0,S
2014-12-30,09:47:55,3449.0,2,2686,0,3448.0,5,0,0,0,0,3449.0,2,0,0,0,0,S
2014-12-30,09:48:01,3449.0,2,2688,0,3448.0,24,0,0,0,0,3449.0,3,0,0,0,0,S
2014-12-30,09:48:41,3450.0,8,2696,2,3449.0,26,0,0,0,0,3451.0,8,0,0,0,0,B
2014-12-30,09:48:43,3451.0,2,2698,0,3450.0,25,0,0,0,0,3452.0,8,0,0,0,0,B
2014-12-30,09:48:44,3450.0,2,2700,-2,3450.0,24,0,0,0,0,3452.0,6,0,0,0,0,S
2014-12-30,09:49:14,3452.0,2,2702,2,3451.0,12,0,0,0,0,3453.0,5,0,0,0,0,B
2014-12-30,09:49:59,3452.0,2,2704,0,3451.0,16,0,0,0,0,3453.0,7,0,0,0,0,B
2014-12-30,09:50:29,3451.0,2,2706,2,3450.0,5,0,0,0,0,3452.0,5,0,0,0,0,S
2014-12-30,09:51:31,3453.0,2,2708,-2,3453.0,1,0,0,0,0,3454.0,4,0,0,0,0,B
2014-12-30,09:52:51,3453.0,4,2712,-4,3452.0,7,0,0,0,0,3454.0,7,0,0,0,0,B
2014-12-30,09:53:29,3454.0,4,2716,0,3454.0,2,0,0,0,0,3455.0,1,0,0,0,0,B
2014-12-30,09:54:39,3454.0,4,2720,0,3454.0,2,0,0,0,0,3455.0,3,0,0,0,0,B
2014-12-30,09:54:50,3454.0,6,2726,0,3453.0,7,0,0,0,0,3455.0,6,0,0,0,0,B
2014-12-30,09:55:30,3453.0,2,2728,0,3453.0,3,0,0,0,0,3454.0,3,0,0,0,0,S
2014-12-30,09:56:17,3453.0,6,2734,4,3453.0,1,0,0,0,0,3454.0,1,0,0,0,0,S
2014-12-30,10:00:16,3455.0,4,2738,-4,3454.0,5,0,0,0,0,3455.0,1,0,0,0,0,B
2014-12-30,10:01:36,3456.0,2,2740,0,3456.0,3,0,0,0,0,3457.0,18,0,0,0,0,B
2014-12-30,10:01:46,3456.0,2,2742,-2,3455.0,4,0,0,0,0,3457.0,24,0,0,0,0,B
2014-12-30,10:03:41,3455.0,4,2746,0,3454.0,4,0,0,0,0,3455.0,3,0,0,0,0,S
2014-12-30,10:03:41,3454.0,8,2754,0,3453.0,2,0,0,0,0,3454.0,3,0,0,0,0,S
2014-12-30,10:06:24,3454.0,2,2756,-2,3453.0,1,0,0,0,0,3454.0,3,0,0,0,0,S
2014-12-30,10:06:32,3454.0,6,2762,-6,3453.0,4,0,0,0,0,3454.0,1,0,0,0,0,S
2014-12-30,10:10:05,3455.0,10,2772,-8,3455.0,10,0,0,0,0,3456.0,12,0,0,0,0,B
2014-12-30,10:10:42,3455.0,2,2774,2,3455.0,2,0,0,0,0,3456.0,10,0,0,0,0,B
2014-12-30,10:11:12,3456.0,20,2794,-20,3455.0,2,0,0,0,0,3457.0,12,0,0,0,0,B
2014-12-30,10:12:05,3456.0,2,2796,0,3455.0,2,0,0,0,0,3456.0,9,0,0,0,0,B
2014-12-30,10:13:12,3455.0,6,2802,-2,3454.0,4,0,0,0,0,3456.0,18,0,0,0,0,S
2014-12-30,10:14:31,3454.0,2,2804,0,3452.0,3,0,0,0,0,3455.0,10,0,0,0,0,S
2014-12-30,10:30:04,3451.0,2,2806,-2,3448.0,1,0,0,0,0,3452.0,2,0,0,0,0,S
2014-12-30,10:31:10,3452.0,2,2808,0,3451.0,3,0,0,0,0,3453.0,9,0,0,0,0,B
2014-12-30,10:31:10,3451.0,2,2810,-2,3451.0,2,0,0,0,0,3453.0,23,0,0,0,0,S
2014-12-30,10:32:23,3451.0,2,2812,-2,3451.0,3,0,0,0,0,3453.0,11,0,0,0,0,S
2014-12-30,10:32:23,3451.0,2,2814,0,3452.0,3,0,0,0,0,3453.0,11,0,0,0,0,S
2014-12-30,10:33:41,3451.0,2,2816,-2,3452.0,3,0,0,0,0,3453.0,1,0,0,0,0,S
2014-12-30,10:35:33,3451.0,4,2820,-4,3449.0,12,0,0,0,0,3451.0,4,0,0,0,0,S
2014-12-30,10:39:02,3449.0,2,2822,-2,3449.0,1,0,0,0,0,3451.0,4,0,0,0,0,S
2014-12-30,10:39:08,3449.0,2,2824,2,3448.0,3,0,0,0,0,3450.0,12,0,0,0,0,S
2014-12-30,10:56:57,3453.0,4,2828,0,3453.0,1,0,0,0,0,3454.0,5,0,0,0,0,B
2014-12-30,10:58:46,3453.0,2,2830,2,3452.0,11,0,0,0,0,3455.0,13,0,0,0,0,B
2014-12-30,11:02:59,3451.0,20,2850,-6,3450.0,9,0,0,0,0,3451.0,26,0,0,0,0,S
2014-12-30,11:03:00,3451.0,10,2860,0,3450.0,12,0,0,0,0,3451.0,21,0,0,0,0,S
2014-12-30,11:03:17,3451.0,2,2862,-2,3450.0,9,0,0,0,0,3451.0,24,0,0,0,0,S
2014-12-30,11:03:21,3451.0,10,2872,0,3450.0,14,0,0,0,0,3451.0,19,0,0,0,0,S
2014-12-30,11:05:33,3449.0,2,2874,-2,3448.0,3,0,0,0,0,3449.0,6,0,0,0,0,S
2014-12-30,11:05:36,3449.0,8,2882,0,3448.0,14,0,0,0,0,3449.0,1,0,0,0,0,S
2014-12-30,11:05:49,3449.0,2,2884,0,3448.0,3,0,0,0,0,3449.0,1,0,0,0,0,S
2014-12-30,11:07:27,3451.0,2,2886,0,3449.0,3,0,0,0,0,3451.0,23,0,0,0,0,B
2014-12-30,11:08:22,3449.0,6,2892,0,3449.0,19,0,0,0,0,3451.0,21,0,0,0,0,S
2014-12-30,11:08:42,3449.0,2,2894,2,3449.0,18,0,0,0,0,3451.0,21,0,0,0,0,S
2014-12-30,11:12:55,3450.0,2,2896,0,3449.0,18,0,0,0,0,3451.0,20,0,0,0,0,B
2014-12-30,11:16:01,3449.0,2,2898,-2,3447.0,21,0,0,0,0,3449.0,2,0,0,0,0,S
2014-12-30,11:17:20,3449.0,2,2900,2,3448.0,20,0,0,0,0,3450.0,7,0,0,0,0,S
2014-12-30,13:30:03,3451.0,20,2920,0,3448.0,2,0,0,0,0,3451.0,4,0,0,0,0,B
2014-12-30,13:30:04,3451.0,8,2928,0,3451.0,1,0,0,0,0,3453.0,1,0,0,0,0,B
2014-12-30,13:32:33,3450.0,2,2930,-2,3450.0,5,0,0,0,0,3452.0,7,0,0,0,0,S
2014-12-30,13:33:10,3452.0,6,2936,4,3451.0,3,0,0,0,0,3452.0,6,0,0,0,0,B
2014-12-30,13:48:21,3451.0,6,2942,0,3450.0,4,0,0,0,0,3452.0,4,0,0,0,0,S
2014-12-30,13:48:43,3450.0,2,2944,0,3449.0,2,0,0,0,0,3451.0,8,0,0,0,0,S
2014-12-30,13:49:19,3450.0,2,2946,2,3448.0,26,0,0,0,0,3451.0,7,0,0,0,0,S
2014-12-30,13:51:10,3448.0,2,2948,0,3447.0,11,0,0,0,0,3449.0,3,0,0,0,0,S
2014-12-30,13:51:20,3446.0,6,2954,-4,3446.0,22,0,0,0,0,3448.0,7,0,0,0,0,S
2014-12-30,13:51:30,3445.0,4,2958,-2,3443.0,20,0,0,0,0,3445.0,3,0,0,0,0,S
2014-12-30,13:52:44,3444.0,4,2962,0,3443.0,2,0,0,0,0,3445.0,6,0,0,0,0,S
2014-12-30,13:55:59,3444.0,2,2964,-2,3444.0,27,0,0,0,0,3446.0,6,0,0,0,0,S
2014-12-30,13:58:46,3443.0,4,2968,0,3441.0,26,0,0,0,0,3444.0,7,0,0,0,0,S
2014-12-30,13:59:11,3443.0,2,2970,0,3442.0,22,0,0,0,0,3444.0,4,0,0,0,0,S
2014-12-30,14:06:37,3441.0,2,2972,0,3440.0,5,0,0,0,0,3441.0,1,0,0,0,0,S
2014-12-30,14:13:04,3444.0,2,2974,2,3443.0,23,0,0,0,0,3445.0,5,0,0,0,0,B
2014-12-30,14:16:08,3447.0,2,2976,2,3446.0,1,0,0,0,0,3448.0,11,0,0,0,0,B
2014-12-30,14:22:46,3449.0,2,2978,-2,3449.0,1,0,0,0,0,3450.0,3,0,0,0,0,B
2014-12-30,14:24:12,3450.0,4,2982,0,3449.0,7,0,0,0,0,3450.0,3,0,0,0,0,B
2014-12-30,14:24:42,3449.0,2,2984,0,3449.0,1,0,0,0,0,3450.0,11,0,0,0,0,S
2014-12-30,14:25:15,3450.0,4,2988,-4,3449.0,17,0,0,0,0,3451.0,3,0,0,0,0,B
2014-12-30,14:25:28,3449.0,8,2996,0,3448.0,3,0,0,0,0,3450.0,10,0,0,0,0,S
2014-12-30,14:26:21,3447.0,2,2998,-2,3446.0,2,0,0,0,0,3447.0,3,0,0,0,0,S
2014-12-30,14:33:21,3448.0,8,3006,0,3447.0,3,0,0,0,0,3449.0,8,0,0,0,0,B
2014-12-30,14:33:44,3447.0,8,3014,0,3447.0,16,0,0,0,0,3449.0,1,0,0,0,0,S
2014-12-30,14:43:40,3448.0,8,3022,6,3447.0,26,0,0,0,0,3449.0,2,0,0,0,0,B
2014-12-30,14:43:44,3448.0,2,3024,0,3448.0,12,0,0,0,0,3449.0,1,0,0,0,0,B
2014-12-30,14:50:20,3448.0,2,3026,-2,3449.0,2,0,0,0,0,3450.0,6,0,0,0,0,B
2014-12-30,14:52:11,3450.0,2,3028,0,3449.0,2,0,0,0,0,3451.0,11,0,0,0,0,B
2014-12-30,14:54:13,3448.0,2,3030,-2,3447.0,3,0,0,0,0,3448.0,4,0,0,0,0,S
2014-12-30,14:55:38,3450.0,2,3032,2,3447.0,17,0,0,0,0,3450.0,5,0,0,0,0,B
2014-12-30,14:57:57,3451.0,8,3040,-6,3451.0,1,0,0,0,0,3452.0,1,0,0,0,0,B
2014-12-30,14:58:07,3452.0,2,3042,-2,3451.0,9,0,0,0,0,3453.0,2,0,0,0,0,B
2014-12-30,14:58:34,3451.0,2,3044,0,3450.0,1,0,0,0,0,3451.0,1,0,0,0,0,S
2014-12-30,14:58:44,3451.0,2,3046,0,3450.0,11,0,0,0,0,3455.0,1,0,0,0,0,S
2014-12-30,14:59:50,3451.0,2,3048,0,3450.0,9,0,0,0,0,3454.0,2,0,0,0,0,S

