日期,时间,成交价,成交量,总量,属性(持仓增减),B1价,B1量,B2价,B2量,B3价,B3量,S1价,S1量,S2价,S2量,S3价,S3量,BS
2013-12-31,8:59:00,3711,192,192,28132,3711,8,0,0,0,0,3721,1,0,0,0,0,S
2013-12-31,9:00:06,3718,8,200,-8,3715,1,0,0,0,0,3718,6,0,0,0,0,B
2013-12-31,9:00:13,3718,18,218,-14,3718,2,0,0,0,0,3720,2,0,0,0,0,B
2013-12-31,9:00:13,3720,4,222,-4,3720,8,0,0,0,0,3722,1,0,0,0,0,B
2013-12-31,9:00:17,3722,2,224,-2,3722,79,0,0,0,0,3725,201,0,0,0,0,B
2013-12-31,9:00:19,3725,16,240,-16,3722,81,0,0,0,0,3725,193,0,0,0,0,B
2013-12-31,9:00:23,3725,4,244,-4,3722,79,0,0,0,0,3725,191,0,0,0,0,B
2013-12-31,9:00:25,3722,2,246,0,3722,78,0,0,0,0,3724,1,0,0,0,0,S
2013-12-31,9:00:25,3725,4,250,-4,3722,78,0,0,0,0,3725,190,0,0,0,0,B
2013-12-31,9:00:28,3722,8,258,-8,3722,74,0,0,0,0,3725,190,0,0,0,0,S
2013-12-31,9:00:30,3724,6,264,0,3722,75,0,0,0,0,3725,189,0,0,0,0,B
2013-12-31,9:00:41,3722,10,274,-10,3722,71,0,0,0,0,3723,10,0,0,0,0,S
2013-12-31,9:00:41,3722,2,276,0,3722,70,0,0,0,0,3723,10,0,0,0,0,S
2013-12-31,9:00:45,3722,20,296,-20,3722,66,0,0,0,0,3723,10,0,0,0,0,S
2013-12-31,9:00:45,3723,4,300,-4,3722,66,0,0,0,0,3723,8,0,0,0,0,B
2013-12-31,9:00:46,3723,16,316,0,3723,12,0,0,0,0,3724,2,0,0,0,0,B
2013-12-31,9:00:59,3724,10,326,2,3723,29,0,0,0,0,3724,8,0,0,0,0,B
2013-12-31,9:01:01,3724,16,342,0,3723,17,0,0,0,0,3725,193,0,0,0,0,B
2013-12-31,9:01:03,3725,2,344,-2,3723,12,0,0,0,0,3725,192,0,0,0,0,B
2013-12-31,9:01:04,3724,2,346,2,3723,15,0,0,0,0,3725,192,0,0,0,0,S
2013-12-31,9:01:06,3723,22,368,-20,3723,14,0,0,0,0,3725,182,0,0,0,0,S
2013-12-31,9:01:11,3725,20,388,-20,3723,12,0,0,0,0,3725,175,0,0,0,0,B
2013-12-31,9:01:18,3724,2,390,-2,3724,11,0,0,0,0,3725,176,0,0,0,0,S
2013-12-31,9:01:28,3724,2,392,-2,3724,10,0,0,0,0,3725,177,0,0,0,0,S
2013-12-31,9:01:29,3724,20,412,-20,3723,23,0,0,0,0,3724,3,0,0,0,0,S
2013-12-31,9:01:41,3724,6,418,0,3723,24,0,0,0,0,3724,11,0,0,0,0,B
2013-12-31,9:01:43,3724,2,420,0,3723,25,0,0,0,0,3724,10,0,0,0,0,B
2013-12-31,9:01:50,3724,2,422,0,3723,24,0,0,0,0,3724,9,0,0,0,0,B
2013-12-31,9:01:53,3724,2,424,-2,3723,24,0,0,0,0,3724,8,0,0,0,0,B
2013-12-31,9:02:08,3724,4,428,-4,3723,25,0,0,0,0,3724,16,0,0,0,0,B
2013-12-31,9:02:19,3723,50,478,-28,3722,86,0,0,0,0,3723,25,0,0,0,0,S
2013-12-31,9:02:19,3724,116,594,-116,3722,28,0,0,0,0,3724,15,0,0,0,0,B
2013-12-31,9:02:21,3722,2,596,-2,3722,27,0,0,0,0,3723,1,0,0,0,0,S
2013-12-31,9:02:22,3723,2,598,-2,3723,3,0,0,0,0,3724,15,0,0,0,0,B
2013-12-31,9:02:32,3723,4,602,0,3723,1,0,0,0,0,3724,15,0,0,0,0,S
2013-12-31,9:02:36,3723,6,608,-2,3722,28,0,0,0,0,3723,12,0,0,0,0,S
2013-12-31,9:02:57,3724,6,614,-4,3722,26,0,0,0,0,3724,27,0,0,0,0,B
2013-12-31,9:03:08,3724,20,634,-20,3722,26,0,0,0,0,3724,5,0,0,0,0,B
2013-12-31,9:03:12,3723,2,636,-2,3722,26,0,0,0,0,3724,5,0,0,0,0,S
2013-12-31,9:03:38,3723,4,640,-4,3722,24,0,0,0,0,3724,24,0,0,0,0,S
2013-12-31,9:03:48,3723,2,642,-2,3722,24,0,0,0,0,3724,72,0,0,0,0,S
2013-12-31,9:03:51,3722,48,690,-48,3721,10,0,0,0,0,3724,24,0,0,0,0,S
2013-12-31,9:03:52,3721,20,710,-20,3720,41,0,0,0,0,3724,24,0,0,0,0,S
2013-12-31,9:03:57,3720,28,738,-28,3720,27,0,0,0,0,3724,24,0,0,0,0,S
2013-12-31,9:03:58,3724,6,744,-6,3720,26,0,0,0,0,3724,22,0,0,0,0,B
2013-12-31,9:03:59,3720,2,746,-2,3720,25,0,0,0,0,3724,22,0,0,0,0,S
2013-12-31,9:04:10,3720,2,748,0,3720,4,0,0,0,0,3723,1,0,0,0,0,S
2013-12-31,9:04:14,3721,2,750,0,3721,3,0,0,0,0,3722,1,0,0,0,0,B
2013-12-31,9:04:19,3721,4,754,0,3721,1,0,0,0,0,3722,1,0,0,0,0,S
2013-12-31,9:04:33,3721,2,756,0,3721,10,0,0,0,0,3722,1,0,0,0,0,S
2013-12-31,9:04:36,3721,4,760,-4,3721,8,0,0,0,0,3722,1,0,0,0,0,S
2013-12-31,9:04:49,3721,2,762,-2,3721,7,0,0,0,0,3722,1,0,0,0,0,S
2013-12-31,9:04:55,3721,2,764,-2,3721,6,0,0,0,0,3722,2,0,0,0,0,S
2013-12-31,9:05:00,3721,2,766,-2,3721,5,0,0,0,0,3722,2,0,0,0,0,S
2013-12-31,9:05:03,3721,10,776,-10,3720,25,0,0,0,0,3721,7,0,0,0,0,S
2013-12-31,9:05:12,3723,6,782,-4,3720,26,0,0,0,0,3723,3,0,0,0,0,B
2013-12-31,9:05:22,3722,4,786,-4,3721,3,0,0,0,0,3723,5,0,0,0,0,S
2013-12-31,9:05:23,3723,2,788,0,3721,3,0,0,0,0,3723,4,0,0,0,0,B
2013-12-31,9:05:31,3723,2,790,-2,3721,3,0,0,0,0,3723,1,0,0,0,0,B
2013-12-31,9:05:34,3723,2,792,-2,3721,8,0,0,0,0,3723,7,0,0,0,0,B
2013-12-31,9:05:44,3723,2,794,-2,3721,9,0,0,0,0,3723,6,0,0,0,0,B
2013-12-31,9:05:54,3723,2,796,2,3721,12,0,0,0,0,3723,2,0,0,0,0,B
2013-12-31,9:06:09,3721,6,802,-6,3721,8,0,0,0,0,3723,7,0,0,0,0,S
2013-12-31,9:06:37,3722,2,804,-2,3721,12,0,0,0,0,3723,19,0,0,0,0,B
2013-12-31,9:06:41,3723,4,808,0,3721,12,0,0,0,0,3723,17,0,0,0,0,B
2013-12-31,9:06:51,3723,24,832,0,3721,12,0,0,0,0,3723,5,0,0,0,0,B
2013-12-31,9:06:54,3721,8,840,-6,3721,20,0,0,0,0,3723,5,0,0,0,0,S
2013-12-31,9:07:06,3721,2,842,0,3721,8,0,0,0,0,3723,27,0,0,0,0,S
2013-12-31,9:07:07,3721,10,852,-10,3721,3,0,0,0,0,3723,27,0,0,0,0,S
2013-12-31,9:07:08,3721,2,854,-2,3721,2,0,0,0,0,3723,27,0,0,0,0,S
2013-12-31,9:07:16,3723,2,856,-2,3721,6,0,0,0,0,3723,28,0,0,0,0,B
2013-12-31,9:07:42,3723,60,916,-60,3722,7,0,0,0,0,3723,17,0,0,0,0,B
2013-12-31,9:07:50,3722,12,928,0,3722,1,0,0,0,0,3723,39,0,0,0,0,S
2013-12-31,9:07:53,3722,2,930,0,3721,31,0,0,0,0,3723,17,0,0,0,0,S
2013-12-31,9:07:53,3723,2,932,0,3721,31,0,0,0,0,3723,16,0,0,0,0,B
2013-12-31,9:07:57,3723,26,958,-26,3721,31,0,0,0,0,3723,3,0,0,0,0,B
2013-12-31,9:07:58,3722,2,960,0,3721,31,0,0,0,0,3723,3,0,0,0,0,S
2013-12-31,9:08:12,3722,4,964,-4,3721,30,0,0,0,0,3723,3,0,0,0,0,S
2013-12-31,9:08:25,3723,6,970,0,3721,30,0,0,0,0,3724,36,0,0,0,0,B
2013-12-31,9:08:34,3722,4,974,0,3721,40,0,0,0,0,3723,2,0,0,0,0,S
2013-12-31,9:09:04,3722,10,984,-10,3721,30,0,0,0,0,3723,2,0,0,0,0,S
2013-12-31,9:09:11,3721,6,990,-6,3721,27,0,0,0,0,3723,2,0,0,0,0,S
2013-12-31,9:09:26,3722,2,992,0,3721,27,0,0,0,0,3723,3,0,0,0,0,B
2013-12-31,9:09:35,3721,4,996,-4,3721,25,0,0,0,0,3723,3,0,0,0,0,S
2013-12-31,9:09:46,3721,2,998,-2,3721,33,0,0,0,0,3723,6,0,0,0,0,S
2013-12-31,9:09:50,3723,2,1000,-2,3721,33,0,0,0,0,3723,5,0,0,0,0,B
2013-12-31,9:10:01,3721,14,1014,-14,3721,27,0,0,0,0,3723,7,0,0,0,0,S
2013-12-31,9:10:38,3723,12,1026,0,3721,18,0,0,0,0,3724,38,0,0,0,0,B
2013-12-31,9:10:40,3724,6,1032,0,3721,18,0,0,0,0,3724,35,0,0,0,0,B
2013-12-31,9:10:50,3724,6,1038,-6,3721,18,0,0,0,0,3724,32,0,0,0,0,B
2013-12-31,9:10:57,3724,2,1040,-2,3722,12,0,0,0,0,3724,31,0,0,0,0,B
2013-12-31,9:11:00,3724,2,1042,-2,3722,22,0,0,0,0,3724,3,0,0,0,0,B
2013-12-31,9:11:05,3723,6,1048,0,3721,26,0,0,0,0,3724,31,0,0,0,0,S
2013-12-31,9:11:12,3723,2,1050,0,3721,26,0,0,0,0,3724,31,0,0,0,0,S
2013-12-31,9:11:16,3724,18,1068,0,3722,5,0,0,0,0,3724,23,0,0,0,0,B
2013-12-31,9:11:16,3723,8,1076,0,3722,5,0,0,0,0,3724,23,0,0,0,0,S
2013-12-31,9:11:20,3724,12,1088,0,3722,5,0,0,0,0,3724,17,0,0,0,0,B
2013-12-31,9:11:31,3723,2,1090,0,3722,18,0,0,0,0,3723,1,0,0,0,0,S
2013-12-31,9:11:40,3723,2,1092,-2,3722,8,0,0,0,0,3724,17,0,0,0,0,B
2013-12-31,9:11:41,3724,2,1094,-2,3722,8,0,0,0,0,3724,16,0,0,0,0,B
2013-12-31,9:11:53,3723,22,1116,0,3723,9,0,0,0,0,3724,6,0,0,0,0,S
2013-12-31,9:12:22,3723,10,1126,0,3723,5,0,0,0,0,3724,16,0,0,0,0,S
2013-12-31,9:12:24,3723,4,1130,0,3723,3,0,0,0,0,3724,16,0,0,0,0,S
2013-12-31,9:12:27,3723,2,1132,0,3723,2,0,0,0,0,3724,16,0,0,0,0,S
2013-12-31,9:12:29,3723,4,1136,-2,3722,8,0,0,0,0,3723,8,0,0,0,0,S
2013-12-31,9:12:30,3722,16,1152,-16,3721,26,0,0,0,0,3724,6,0,0,0,0,S
2013-12-31,9:12:36,3721,2,1154,0,3721,25,0,0,0,0,3724,6,0,0,0,0,S
2013-12-31,9:12:40,3721,20,1174,0,3721,15,0,0,0,0,3724,6,0,0,0,0,S
2013-12-31,9:12:46,3722,16,1190,-16,3721,15,0,0,0,0,3724,6,0,0,0,0,B
2013-12-31,9:13:09,3721,18,1208,-18,3721,6,0,0,0,0,3723,10,0,0,0,0,S
2013-12-31,9:13:18,3723,2,1210,0,3721,6,0,0,0,0,3723,22,0,0,0,0,B
2013-12-31,9:13:24,3721,6,1216,-6,3721,3,0,0,0,0,3723,22,0,0,0,0,S
2013-12-31,9:13:26,3723,4,1220,-4,3721,11,0,0,0,0,3723,7,0,0,0,0,B
2013-12-31,9:13:32,3721,4,1224,-4,3721,2,0,0,0,0,3722,20,0,0,0,0,S
2013-12-31,9:13:40,3721,4,1228,-4,3720,66,0,0,0,0,3721,6,0,0,0,0,S
2013-12-31,9:13:44,3721,12,1240,-12,3721,14,0,0,0,0,3722,20,0,0,0,0,B
2013-12-31,9:13:53,3721,8,1248,-8,3721,10,0,0,0,0,3722,20,0,0,0,0,S
2013-12-31,9:13:58,3721,20,1268,-20,3720,67,0,0,0,0,3722,20,0,0,0,0,S
2013-12-31,9:14:28,3722,42,1310,0,3722,328,0,0,0,0,3723,33,0,0,0,0,B
2013-12-31,9:14:29,3723,4,1314,-4,3722,328,0,0,0,0,3723,31,0,0,0,0,B
2013-12-31,9:14:38,3722,12,1326,0,3722,322,0,0,0,0,3723,31,0,0,0,0,S
2013-12-31,9:14:40,3722,26,1352,20,3722,309,0,0,0,0,3723,39,0,0,0,0,S
2013-12-31,9:15:01,3722,42,1394,20,3722,308,0,0,0,0,3723,22,0,0,0,0,S
2013-12-31,9:15:02,3722,8,1402,8,3722,304,0,0,0,0,3723,36,0,0,0,0,S
2013-12-31,9:15:09,3723,38,1440,-38,3723,50,0,0,0,0,3724,19,0,0,0,0,B
2013-12-31,9:15:15,3723,8,1448,-8,3723,46,0,0,0,0,3724,19,0,0,0,0,S
2013-12-31,9:15:25,3724,20,1468,-20,3722,325,0,0,0,0,3724,9,0,0,0,0,B
2013-12-31,9:15:37,3724,22,1490,-22,3724,35,0,0,0,0,3725,208,0,0,0,0,B
2013-12-31,9:16:00,3724,20,1510,-20,3724,25,0,0,0,0,3725,209,0,0,0,0,S
2013-12-31,9:16:01,3725,10,1520,-10,3724,46,0,0,0,0,3725,204,0,0,0,0,B
2013-12-31,9:16:16,3725,50,1570,-50,3724,305,0,0,0,0,3725,179,0,0,0,0,B
2013-12-31,9:16:18,3725,6,1576,-6,3724,305,0,0,0,0,3725,176,0,0,0,0,B
2013-12-31,9:16:22,3725,2,1578,-2,3724,284,0,0,0,0,3725,175,0,0,0,0,B
2013-12-31,9:16:53,3724,2,1580,0,3724,304,0,0,0,0,3725,176,0,0,0,0,S
2013-12-31,9:16:57,3725,42,1622,-20,3724,304,0,0,0,0,3725,155,0,0,0,0,B
2013-12-31,9:16:57,3725,100,1722,0,3724,308,0,0,0,0,3725,105,0,0,0,0,B
2013-12-31,9:17:00,3725,42,1764,-20,3724,308,0,0,0,0,3725,84,0,0,0,0,B
2013-12-31,9:17:01,3725,16,1780,-8,3724,308,0,0,0,0,3725,76,0,0,0,0,B
2013-12-31,9:17:03,3725,50,1830,-22,3724,287,0,0,0,0,3725,51,0,0,0,0,B
2013-12-31,9:17:03,3725,8,1838,0,3724,287,0,0,0,0,3725,47,0,0,0,0,B
2013-12-31,9:17:04,3725,60,1898,0,3724,283,0,0,0,0,3725,17,0,0,0,0,B
2013-12-31,9:17:04,3725,4,1902,0,3724,287,0,0,0,0,3725,15,0,0,0,0,B
2013-12-31,9:17:05,3725,4,1906,0,3724,287,0,0,0,0,3725,13,0,0,0,0,B
2013-12-31,9:17:05,3725,14,1920,-8,3724,287,0,0,0,0,3725,6,0,0,0,0,B
2013-12-31,9:17:06,3726,16,1936,-10,3725,54,0,0,0,0,3726,52,0,0,0,0,B
2013-12-31,9:17:31,3725,20,1956,-8,3725,67,0,0,0,0,3726,52,0,0,0,0,S
2013-12-31,9:18:02,3725,60,2016,0,3725,45,0,0,0,0,3726,72,0,0,0,0,S
2013-12-31,9:18:13,3725,20,2036,0,3725,16,0,0,0,0,3726,91,0,0,0,0,S
2013-12-31,9:18:13,3725,16,2052,-8,3725,8,0,0,0,0,3726,87,0,0,0,0,S
2013-12-31,9:18:17,3725,2,2054,-2,3725,7,0,0,0,0,3726,87,0,0,0,0,S
2013-12-31,9:18:24,3725,2,2056,-2,3725,6,0,0,0,0,3726,87,0,0,0,0,S
2013-12-31,9:18:25,3725,12,2068,-12,3724,283,0,0,0,0,3725,6,0,0,0,0,S
2013-12-31,9:18:40,3724,4,2072,0,3724,281,0,0,0,0,3725,6,0,0,0,0,S
2013-12-31,9:18:42,3724,72,2144,0,3724,245,0,0,0,0,3725,10,0,0,0,0,S
2013-12-31,9:18:43,3724,16,2160,0,3724,237,0,0,0,0,3725,10,0,0,0,0,S
2013-12-31,9:18:44,3724,20,2180,0,3724,227,0,0,0,0,3725,10,0,0,0,0,S
2013-12-31,9:18:44,3724,26,2206,0,3724,214,0,0,0,0,3725,10,0,0,0,0,S
2013-12-31,9:18:45,3724,24,2230,0,3724,202,0,0,0,0,3725,12,0,0,0,0,S
2013-12-31,9:18:48,3724,12,2242,0,3724,196,0,0,0,0,3725,12,0,0,0,0,S
2013-12-31,9:18:54,3724,4,2246,0,3724,194,0,0,0,0,3725,12,0,0,0,0,S
2013-12-31,9:19:09,3724,4,2250,0,3724,192,0,0,0,0,3725,12,0,0,0,0,S
2013-12-31,9:19:11,3724,98,2348,6,3724,143,0,0,0,0,3725,12,0,0,0,0,S
2013-12-31,9:19:11,3724,18,2366,0,3724,134,0,0,0,0,3725,17,0,0,0,0,S
2013-12-31,9:19:12,3724,16,2382,0,3724,126,0,0,0,0,3725,17,0,0,0,0,S
2013-12-31,9:19:13,3724,12,2394,0,3724,120,0,0,0,0,3725,17,0,0,0,0,S
2013-12-31,9:19:15,3724,24,2418,0,3724,108,0,0,0,0,3725,17,0,0,0,0,S
2013-12-31,9:19:17,3724,8,2426,0,3724,104,0,0,0,0,3725,17,0,0,0,0,S
2013-12-31,9:19:49,3724,6,2432,6,3724,101,0,0,0,0,3725,36,0,0,0,0,S
2013-12-31,9:19:56,3724,4,2436,0,3724,99,0,0,0,0,3725,36,0,0,0,0,S
2013-12-31,9:19:57,3724,72,2508,0,3724,63,0,0,0,0,3725,36,0,0,0,0,S
2013-12-31,9:19:58,3724,20,2528,0,3724,53,0,0,0,0,3725,36,0,0,0,0,S
2013-12-31,9:19:58,3724,12,2540,0,3724,47,0,0,0,0,3725,36,0,0,0,0,S
2013-12-31,9:19:59,3724,30,2570,0,3724,32,0,0,0,0,3725,36,0,0,0,0,S
2013-12-31,9:19:59,3724,22,2592,20,3724,21,0,0,0,0,3725,51,0,0,0,0,S
2013-12-31,9:20:00,3724,8,2600,0,3724,17,0,0,0,0,3725,100,0,0,0,0,S
2013-12-31,9:20:01,3724,30,2630,0,3724,2,0,0,0,0,3725,100,0,0,0,0,S
2013-12-31,9:20:02,3724,4,2634,4,3722,41,0,0,0,0,3724,6,0,0,0,0,S
2013-12-31,9:20:16,3724,20,2654,-20,3722,35,0,0,0,0,3725,25,0,0,0,0,B
2013-12-31,9:20:18,3724,2,2656,0,3723,4,0,0,0,0,3725,25,0,0,0,0,B
2013-12-31,9:20:36,3724,4,2660,0,3722,32,0,0,0,0,3725,25,0,0,0,0,B
2013-12-31,9:21:05,3725,4,2664,0,3722,36,0,0,0,0,3725,24,0,0,0,0,B
2013-12-31,9:21:17,3724,2,2666,0,3722,36,0,0,0,0,3724,4,0,0,0,0,S
2013-12-31,9:21:17,3725,20,2686,-20,3722,36,0,0,0,0,3725,18,0,0,0,0,B
2013-12-31,9:21:55,3723,22,2708,0,3722,32,0,0,0,0,3724,54,0,0,0,0,S
2013-12-31,9:22:04,3722,2,2710,0,3722,31,0,0,0,0,3724,54,0,0,0,0,S
2013-12-31,9:22:08,3723,4,2714,0,3722,31,0,0,0,0,3724,54,0,0,0,0,B
2013-12-31,9:22:10,3723,4,2718,0,3722,31,0,0,0,0,3724,54,0,0,0,0,B
2013-12-31,9:22:11,3724,100,2818,-68,3722,32,0,0,0,0,3725,61,0,0,0,0,B
2013-12-31,9:22:12,3723,2,2820,0,3722,49,0,0,0,0,3725,47,0,0,0,0,S
2013-12-31,9:22:19,3725,40,2860,-20,3722,36,0,0,0,0,3725,57,0,0,0,0,B
2013-12-31,9:22:21,3724,2,2862,0,3723,4,0,0,0,0,3725,57,0,0,0,0,S
2013-12-31,9:22:24,3725,20,2882,-18,3723,4,0,0,0,0,3725,17,0,0,0,0,B
2013-12-31,9:22:29,3725,34,2916,-14,3724,11,0,0,0,0,3726,76,0,0,0,0,B
2013-12-31,9:22:30,3726,2,2918,0,3725,4,0,0,0,0,3726,75,0,0,0,0,B
2013-12-31,9:22:38,3726,2,2920,-2,3724,4,0,0,0,0,3726,9,0,0,0,0,B
2013-12-31,9:22:43,3726,12,2932,-12,3724,11,0,0,0,0,3726,5,0,0,0,0,B
2013-12-31,9:22:44,3725,8,2940,-8,3724,11,0,0,0,0,3725,1,0,0,0,0,S
2013-12-31,9:22:44,3725,2,2942,-2,3724,11,0,0,0,0,3726,75,0,0,0,0,B
2013-12-31,9:22:58,3725,2,2944,2,3724,4,0,0,0,0,3726,75,0,0,0,0,S
2013-12-31,9:23:27,3725,2,2946,-2,3725,1,0,0,0,0,3726,108,0,0,0,0,S
2013-12-31,9:23:27,3725,2,2948,-2,3723,4,0,0,0,0,3726,108,0,0,0,0,S
2013-12-31,9:23:35,3725,4,2952,-4,3725,4,0,0,0,0,3726,128,0,0,0,0,S
2013-12-31,9:23:36,3725,8,2960,0,3722,36,0,0,0,0,3726,132,0,0,0,0,S
2013-12-31,9:23:48,3726,2,2962,0,3725,1,0,0,0,0,3726,141,0,0,0,0,B
2013-12-31,9:23:49,3725,2,2964,0,3722,36,0,0,0,0,3725,10,0,0,0,0,S
2013-12-31,9:23:53,3722,4,2968,-2,3722,35,0,0,0,0,3725,10,0,0,0,0,S
2013-12-31,9:24:16,3725,8,2976,0,3724,4,0,0,0,0,3725,2,0,0,0,0,B
2013-12-31,9:24:49,3725,36,3012,-34,3725,2,0,0,0,0,3726,88,0,0,0,0,B
2013-12-31,9:25:04,3725,4,3016,-4,3723,2,0,0,0,0,3725,2,0,0,0,0,S
2013-12-31,9:25:13,3725,2,3018,-2,3723,2,0,0,0,0,3725,1,0,0,0,0,B
2013-12-31,9:25:52,3725,2,3020,-2,3723,2,0,0,0,0,3726,124,0,0,0,0,B
2013-12-31,9:26:12,3724,2,3022,-2,3723,2,0,0,0,0,3724,1,0,0,0,0,S
2013-12-31,9:26:17,3723,4,3026,-4,3722,82,0,0,0,0,3724,34,0,0,0,0,S
2013-12-31,9:26:37,3722,56,3082,-56,3722,54,0,0,0,0,3723,5,0,0,0,0,S
2013-12-31,9:27:03,3722,2,3084,-2,3722,53,0,0,0,0,3724,1,0,0,0,0,S
2013-12-31,9:27:24,3723,2,3086,-2,3723,1,0,0,0,0,3724,1,0,0,0,0,B
2013-12-31,9:27:39,3724,2,3088,-2,3723,1,0,0,0,0,3724,1,0,0,0,0,B
2013-12-31,9:27:54,3723,2,3090,-2,3722,53,0,0,0,0,3724,21,0,0,0,0,S
2013-12-31,9:29:04,3724,2,3092,2,3722,52,0,0,0,0,3724,1,0,0,0,0,B
2013-12-31,9:29:18,3722,2,3094,-2,3722,52,0,0,0,0,3724,1,0,0,0,0,S
2013-12-31,9:29:32,3722,2,3096,0,3722,56,0,0,0,0,3724,3,0,0,0,0,S
2013-12-31,9:30:07,3723,2,3098,-2,3723,2,0,0,0,0,3724,34,0,0,0,0,B
2013-12-31,9:30:13,3724,4,3102,-4,3722,52,0,0,0,0,3724,36,0,0,0,0,B
2013-12-31,9:30:31,3722,20,3122,-18,3722,42,0,0,0,0,3723,15,0,0,0,0,S
2013-12-31,9:30:32,3722,2,3124,0,3722,41,0,0,0,0,3723,14,0,0,0,0,S
2013-12-31,9:30:33,3722,20,3144,-4,3722,31,0,0,0,0,3723,4,0,0,0,0,S
2013-12-31,9:30:44,3722,2,3146,-2,3722,39,0,0,0,0,3724,15,0,0,0,0,S
2013-12-31,9:31:05,3724,6,3152,0,3722,34,0,0,0,0,3724,8,0,0,0,0,B
2013-12-31,9:31:16,3724,2,3154,-2,3722,34,0,0,0,0,3724,7,0,0,0,0,B
2013-12-31,9:31:28,3724,42,3196,-20,3722,35,0,0,0,0,3724,36,0,0,0,0,B
2013-12-31,9:31:57,3724,60,3256,-60,3722,34,0,0,0,0,3724,7,0,0,0,0,B
2013-12-31,9:32:50,3723,2,3258,-2,3723,1,0,0,0,0,3724,8,0,0,0,0,S
2013-12-31,9:32:53,3723,4,3262,-4,3722,31,0,0,0,0,3724,8,0,0,0,0,S
2013-12-31,9:32:55,3724,4,3266,-4,3722,31,0,0,0,0,3724,6,0,0,0,0,B
2013-12-31,9:33:06,3724,4,3270,-4,3722,95,0,0,0,0,3724,29,0,0,0,0,B
2013-12-31,9:33:31,3723,10,3280,-10,3723,7,0,0,0,0,3724,25,0,0,0,0,S
2013-12-31,9:34:10,3724,6,3286,-6,3723,13,0,0,0,0,3724,3,0,0,0,0,B
2013-12-31,9:34:33,3724,6,3292,0,3724,2,0,0,0,0,3725,63,0,0,0,0,B
2013-12-31,9:34:40,3724,2,3294,0,3724,1,0,0,0,0,3725,63,0,0,0,0,S
2013-12-31,9:34:44,3724,2,3296,0,3723,9,0,0,0,0,3725,63,0,0,0,0,S
2013-12-31,9:34:56,3725,120,3416,-120,3723,8,0,0,0,0,3725,30,0,0,0,0,B
2013-12-31,9:35:20,3723,8,3424,-8,3723,4,0,0,0,0,3725,32,0,0,0,0,S
2013-12-31,9:35:24,3725,34,3458,-32,3723,8,0,0,0,0,3726,92,0,0,0,0,B
2013-12-31,9:35:38,3725,4,3462,-4,3723,11,0,0,0,0,3726,96,0,0,0,0,S
2013-12-31,9:36:38,3723,2,3464,-2,3723,16,0,0,0,0,3725,34,0,0,0,0,S
2013-12-31,9:36:50,3725,60,3524,-60,3723,18,0,0,0,0,3726,114,0,0,0,0,B
2013-12-31,9:37:01,3725,6,3530,-6,3723,25,0,0,0,0,3725,51,0,0,0,0,S
2013-12-31,9:37:10,3723,8,3538,-4,3723,4,0,0,0,0,3725,61,0,0,0,0,S
2013-12-31,9:37:10,3723,8,3546,-8,3722,30,0,0,0,0,3724,4,0,0,0,0,S
2013-12-31,9:37:17,3723,8,3554,-8,3723,16,0,0,0,0,3724,7,0,0,0,0,S
2013-12-31,9:37:21,3724,2,3556,-2,3723,16,0,0,0,0,3725,57,0,0,0,0,B
2013-12-31,9:37:26,3723,32,3588,-32,3722,41,0,0,0,0,3723,25,0,0,0,0,S
2013-12-31,9:37:32,3722,2,3590,-2,3722,40,0,0,0,0,3723,25,0,0,0,0,S
2013-12-31,9:37:46,3722,2,3592,-2,3722,30,0,0,0,0,3723,25,0,0,0,0,S
2013-12-31,9:38:08,3722,16,3608,-16,3722,23,0,0,0,0,3723,27,0,0,0,0,S
2013-12-31,9:38:11,3722,8,3616,-8,3722,19,0,0,0,0,3723,27,0,0,0,0,S
2013-12-31,9:38:21,3723,20,3636,-2,3722,40,0,0,0,0,3723,15,0,0,0,0,B
2013-12-31,9:38:25,3723,2,3638,-2,3722,44,0,0,0,0,3723,14,0,0,0,0,B
2013-12-31,9:38:28,3723,20,3658,-20,3722,44,0,0,0,0,3723,4,0,0,0,0,B
2013-12-31,9:38:34,3723,8,3666,-8,3723,2,0,0,0,0,3725,74,0,0,0,0,B
2013-12-31,9:39:07,3724,2,3668,-2,3723,24,0,0,0,0,3724,7,0,0,0,0,B
2013-12-31,9:39:08,3724,18,3686,-2,3723,5,0,0,0,0,3725,18,0,0,0,0,B
2013-12-31,9:39:14,3725,24,3710,-4,3723,9,0,0,0,0,3725,8,0,0,0,0,B
2013-12-31,9:39:17,3725,2,3712,0,3724,4,0,0,0,0,3725,7,0,0,0,0,B
2013-12-31,9:39:18,3725,8,3720,0,3724,4,0,0,0,0,3725,3,0,0,0,0,B
2013-12-31,9:39:25,3724,2,3722,0,3723,5,0,0,0,0,3725,13,0,0,0,0,S
2013-12-31,9:39:30,3723,10,3732,-10,3723,4,0,0,0,0,3725,18,0,0,0,0,S
2013-12-31,9:40:29,3723,4,3736,-4,3722,26,0,0,0,0,3725,23,0,0,0,0,S
2013-12-31,9:40:36,3724,2,3738,-2,3722,26,0,0,0,0,3724,16,0,0,0,0,B
2013-12-31,9:40:36,3724,6,3744,-4,3722,24,0,0,0,0,3724,15,0,0,0,0,B
2013-12-31,9:40:57,3722,20,3764,-20,3722,57,0,0,0,0,3724,15,0,0,0,0,S
2013-12-31,9:41:17,3724,8,3772,-8,3722,57,0,0,0,0,3724,11,0,0,0,0,B
2013-12-31,9:41:47,3724,4,3776,-4,3723,16,0,0,0,0,3724,19,0,0,0,0,B
2013-12-31,9:42:00,3724,2,3778,-2,3723,15,0,0,0,0,3724,18,0,0,0,0,B
2013-12-31,9:42:28,3724,2,3780,-2,3723,15,0,0,0,0,3724,18,0,0,0,0,B
2013-12-31,9:42:32,3724,6,3786,-6,3723,15,0,0,0,0,3724,15,0,0,0,0,B
2013-12-31,9:42:57,3724,6,3792,-6,3723,14,0,0,0,0,3724,13,0,0,0,0,B
2013-12-31,9:43:22,3723,2,3794,-2,3723,13,0,0,0,0,3724,13,0,0,0,0,S
2013-12-31,9:43:28,3724,4,3798,-4,3723,13,0,0,0,0,3724,11,0,0,0,0,B
2013-12-31,9:44:13,3725,30,3828,-30,3723,18,0,0,0,0,3725,38,0,0,0,0,B
2013-12-31,9:44:34,3724,2,3830,-2,3723,18,0,0,0,0,3725,40,0,0,0,0,S
2013-12-31,9:45:23,3724,2,3832,-2,3723,18,0,0,0,0,3724,10,0,0,0,0,S
2013-12-31,9:45:33,3723,2,3834,0,3723,17,0,0,0,0,3724,10,0,0,0,0,S
2013-12-31,9:46:27,3724,2,3836,-2,3723,17,0,0,0,0,3724,9,0,0,0,0,B
2013-12-31,9:46:43,3724,18,3854,-18,3724,21,0,0,0,0,3725,41,0,0,0,0,B
2013-12-31,9:47:12,3724,20,3874,-20,3724,11,0,0,0,0,3725,318,0,0,0,0,S
2013-12-31,9:47:15,3724,6,3880,-6,3724,8,0,0,0,0,3725,318,0,0,0,0,S
2013-12-31,9:47:54,3725,4,3884,-4,3724,9,0,0,0,0,3725,312,0,0,0,0,B
2013-12-31,9:48:23,3725,2,3886,-2,3724,9,0,0,0,0,3725,326,0,0,0,0,B
2013-12-31,9:48:30,3724,18,3904,-18,3723,37,0,0,0,0,3724,1,0,0,0,0,S
2013-12-31,9:49:18,3724,2,3906,-2,3723,37,0,0,0,0,3725,321,0,0,0,0,B
2013-12-31,9:49:28,3725,2,3908,-2,3724,1,0,0,0,0,3725,320,0,0,0,0,B
2013-12-31,9:50:31,3725,6,3914,-6,3724,2,0,0,0,0,3725,323,0,0,0,0,B
2013-12-31,9:50:35,3724,2,3916,-2,3724,1,0,0,0,0,3725,323,0,0,0,0,S
2013-12-31,9:50:38,3725,200,4116,-196,3724,1,0,0,0,0,3725,223,0,0,0,0,B
2013-12-31,9:50:43,3725,10,4126,-10,3724,1,0,0,0,0,3725,218,0,0,0,0,B
2013-12-31,9:50:44,3725,202,4328,-202,3724,1,0,0,0,0,3725,117,0,0,0,0,B
2013-12-31,9:50:49,3725,200,4528,-200,3724,1,0,0,0,0,3725,17,0,0,0,0,B
2013-12-31,9:50:58,3724,2,4530,-2,3723,37,0,0,0,0,3725,12,0,0,0,0,S
2013-12-31,9:52:06,3725,44,4574,-44,3725,78,0,0,0,0,3726,162,0,0,0,0,B
2013-12-31,9:52:49,3725,6,4580,-6,3725,75,0,0,0,0,3726,172,0,0,0,0,S
2013-12-31,9:53:19,3725,2,4582,-2,3725,74,0,0,0,0,3726,173,0,0,0,0,S
2013-12-31,9:53:21,3726,80,4662,-66,3725,74,0,0,0,0,3726,133,0,0,0,0,B
2013-12-31,9:53:23,3726,2,4664,-2,3725,74,0,0,0,0,3726,132,0,0,0,0,B
2013-12-31,9:53:49,3726,2,4666,-2,3725,74,0,0,0,0,3726,131,0,0,0,0,B
2013-12-31,9:54:14,3725,4,4670,-4,3725,72,0,0,0,0,3726,132,0,0,0,0,S
2013-12-31,9:54:16,3725,20,4690,-20,3725,62,0,0,0,0,3726,134,0,0,0,0,S
2013-12-31,9:54:16,3725,88,4778,-88,3725,18,0,0,0,0,3726,134,0,0,0,0,S
2013-12-31,9:54:17,3725,14,4792,-14,3725,11,0,0,0,0,3726,134,0,0,0,0,S
2013-12-31,9:54:18,3725,24,4816,-24,3725,29,0,0,0,0,3726,134,0,0,0,0,S
2013-12-31,9:54:19,3725,16,4832,-16,3725,21,0,0,0,0,3726,134,0,0,0,0,S
2013-12-31,9:54:21,3725,4,4836,-4,3725,19,0,0,0,0,3726,134,0,0,0,0,S
2013-12-31,9:54:38,3726,200,5036,-196,3724,50,0,0,0,0,3726,51,0,0,0,0,B
2013-12-31,9:54:53,3726,2,5038,-2,3725,35,0,0,0,0,3726,52,0,0,0,0,B
2013-12-31,9:54:53,3725,2,5040,0,3725,34,0,0,0,0,3726,52,0,0,0,0,S
2013-12-31,9:54:55,3726,2,5042,0,3725,34,0,0,0,0,3726,51,0,0,0,0,B
2013-12-31,9:55:24,3725,10,5052,-4,3725,29,0,0,0,0,3726,60,0,0,0,0,S
2013-12-31,9:55:28,3725,2,5054,-2,3725,28,0,0,0,0,3726,60,0,0,0,0,S
2013-12-31,9:55:31,3726,2,5056,-2,3725,28,0,0,0,0,3726,59,0,0,0,0,B
2013-12-31,9:55:46,3726,122,5178,-116,3726,29,0,0,0,0,3727,35,0,0,0,0,B
2013-12-31,9:55:55,3726,14,5192,0,3726,25,0,0,0,0,3727,40,0,0,0,0,S
2013-12-31,9:55:56,3727,2,5194,0,3726,25,0,0,0,0,3727,49,0,0,0,0,B
2013-12-31,9:56:02,3726,2,5196,-2,3726,24,0,0,0,0,3727,49,0,0,0,0,S
2013-12-31,9:56:10,3726,2,5198,-2,3726,23,0,0,0,0,3727,49,0,0,0,0,S
2013-12-31,9:56:14,3726,2,5200,-2,3726,22,0,0,0,0,3727,54,0,0,0,0,S
2013-12-31,9:56:38,3727,4,5204,-4,3726,22,0,0,0,0,3727,47,0,0,0,0,B
2013-12-31,9:56:47,3727,2,5206,0,3726,22,0,0,0,0,3727,46,0,0,0,0,B
2013-12-31,9:56:53,3727,20,5226,-20,3726,22,0,0,0,0,3727,36,0,0,0,0,B
2013-12-31,9:57:02,3727,2,5228,-2,3726,21,0,0,0,0,3727,36,0,0,0,0,B
2013-12-31,9:57:07,3726,2,5230,-2,3726,20,0,0,0,0,3727,36,0,0,0,0,S
2013-12-31,9:57:09,3727,20,5250,0,3726,20,0,0,0,0,3727,26,0,0,0,0,B
2013-12-31,9:57:21,3726,2,5252,-2,3726,19,0,0,0,0,3727,26,0,0,0,0,S
2013-12-31,9:57:23,3727,2,5254,0,3726,19,0,0,0,0,3727,25,0,0,0,0,B
2013-12-31,9:57:48,3726,22,5276,-2,3726,9,0,0,0,0,3727,21,0,0,0,0,S
2013-12-31,9:57:49,3726,18,5294,2,3725,29,0,0,0,0,3727,26,0,0,0,0,S
2013-12-31,9:58:12,3725,6,5300,-6,3725,43,0,0,0,0,3726,27,0,0,0,0,S
2013-12-31,9:58:29,3725,2,5302,-2,3725,25,0,0,0,0,3726,28,0,0,0,0,S
2013-12-31,9:59:05,3726,4,5306,-4,3725,25,0,0,0,0,3726,26,0,0,0,0,B
2013-12-31,9:59:35,3725,30,5336,-30,3725,11,0,0,0,0,3726,26,0,0,0,0,S
2013-12-31,10:00:00,3725,4,5340,-4,3725,9,0,0,0,0,3726,29,0,0,0,0,S
2013-12-31,10:00:24,3725,18,5358,-18,3724,67,0,0,0,0,3725,1,0,0,0,0,S
2013-12-31,10:00:25,3725,2,5360,-2,3725,1,0,0,0,0,3726,4,0,0,0,0,B
2013-12-31,10:01:00,3724,10,5370,-10,3724,62,0,0,0,0,3725,14,0,0,0,0,S
2013-12-31,10:01:01,3725,28,5398,-26,3724,45,0,0,0,0,3726,18,0,0,0,0,B
2013-12-31,10:01:20,3725,4,5402,-4,3724,45,0,0,0,0,3726,31,0,0,0,0,S
2013-12-31,10:01:35,3725,2,5404,-2,3724,63,0,0,0,0,3725,4,0,0,0,0,S
2013-12-31,10:02:32,3725,8,5412,-8,3725,1,0,0,0,0,3726,20,0,0,0,0,B
2013-12-31,10:03:06,3725,4,5416,-4,3724,63,0,0,0,0,3725,10,0,0,0,0,S
2013-12-31,10:03:19,3725,4,5420,-4,3724,64,0,0,0,0,3725,8,0,0,0,0,B
2013-12-31,10:03:52,3725,56,5476,-56,3725,21,0,0,0,0,3726,40,0,0,0,0,B
2013-12-31,10:04:33,3725,2,5478,-2,3725,20,0,0,0,0,3726,40,0,0,0,0,S
2013-12-31,10:05:55,3726,2,5480,-2,3725,25,0,0,0,0,3726,20,0,0,0,0,B
2013-12-31,10:06:16,3726,10,5490,-8,3725,25,0,0,0,0,3726,15,0,0,0,0,B
2013-12-31,10:06:39,3726,20,5510,-20,3725,27,0,0,0,0,3726,6,0,0,0,0,B
2013-12-31,10:08:11,3726,14,5524,-14,3726,3,0,0,0,0,3727,67,0,0,0,0,B
2013-12-31,10:08:18,3726,2,5526,-2,3726,2,0,0,0,0,3727,67,0,0,0,0,S
2013-12-31,10:08:19,3726,2,5528,-2,3726,1,0,0,0,0,3727,67,0,0,0,0,S
2013-12-31,10:08:38,3726,2,5530,-2,3726,1,0,0,0,0,3727,67,0,0,0,0,S
2013-12-31,10:08:40,3726,2,5532,-2,3725,31,0,0,0,0,3727,67,0,0,0,0,S
2013-12-31,10:09:40,3725,6,5538,-6,3725,23,0,0,0,0,3726,11,0,0,0,0,S
2013-12-31,10:10:19,3726,2,5540,-2,3725,30,0,0,0,0,3726,15,0,0,0,0,B
2013-12-31,10:10:50,3726,6,5546,-6,3725,30,0,0,0,0,3726,13,0,0,0,0,B
2013-12-31,10:11:05,3726,10,5556,-10,3725,72,0,0,0,0,3726,23,0,0,0,0,B
2013-12-31,10:11:22,3726,36,5592,-16,3725,50,0,0,0,0,3726,5,0,0,0,0,B
2013-12-31,10:11:23,3726,4,5596,-4,3725,72,0,0,0,0,3726,3,0,0,0,0,B
2013-12-31,10:12:00,3726,2,5598,-2,3725,45,0,0,0,0,3726,2,0,0,0,0,B
2013-12-31,10:12:36,3726,6,5604,-6,3726,12,0,0,0,0,3727,63,0,0,0,0,B
2013-12-31,10:13:05,3726,2,5606,0,3726,19,0,0,0,0,3727,76,0,0,0,0,S
2013-12-31,10:13:06,3727,24,5630,-24,3726,19,0,0,0,0,3727,64,0,0,0,0,B
2013-12-31,10:13:45,3727,10,5640,-10,3726,19,0,0,0,0,3727,60,0,0,0,0,B
2013-12-31,10:13:46,3727,34,5674,-34,3726,19,0,0,0,0,3727,43,0,0,0,0,B
2013-12-31,10:14:41,3726,4,5678,-4,3726,20,0,0,0,0,3727,43,0,0,0,0,S
2013-12-31,10:14:43,3727,6,5684,0,3726,20,0,0,0,0,3727,40,0,0,0,0,B
2013-12-31,10:14:51,3727,4,5688,-4,3726,20,0,0,0,0,3727,38,0,0,0,0,B
2013-12-31,10:14:57,3727,20,5708,0,3726,20,0,0,0,0,3727,28,0,0,0,0,B
2013-12-31,10:14:57,3727,4,5712,-4,3726,20,0,0,0,0,3727,26,0,0,0,0,B
2013-12-31,10:30:00,3727,44,5756,-38,3726,20,0,0,0,0,3727,7,0,0,0,0,B
2013-12-31,10:30:01,3727,14,5770,-4,3727,34,0,0,0,0,3728,93,0,0,0,0,B
2013-12-31,10:30:07,3727,40,5810,-40,3727,14,0,0,0,0,3728,93,0,0,0,0,S
2013-12-31,10:30:14,3727,28,5838,-28,3726,22,0,0,0,0,3728,93,0,0,0,0,S
2013-12-31,10:30:15,3728,2,5840,-2,3726,22,0,0,0,0,3728,92,0,0,0,0,B
2013-12-31,10:30:26,3727,2,5842,-2,3726,20,0,0,0,0,3728,93,0,0,0,0,S
2013-12-31,10:30:32,3726,40,5882,-38,3726,2,0,0,0,0,3728,93,0,0,0,0,S
2013-12-31,10:30:38,3728,2,5884,-2,3726,2,0,0,0,0,3728,102,0,0,0,0,B
2013-12-31,10:30:45,3726,2,5886,0,3726,1,0,0,0,0,3728,103,0,0,0,0,S
2013-12-31,10:30:46,3726,6,5892,-6,3725,40,0,0,0,0,3728,103,0,0,0,0,S
2013-12-31,10:30:53,3725,2,5894,-2,3725,48,0,0,0,0,3728,103,0,0,0,0,S
2013-12-31,10:30:56,3726,4,5898,-4,3726,28,0,0,0,0,3728,84,0,0,0,0,B
2013-12-31,10:31:02,3726,16,5914,-16,3726,20,0,0,0,0,3728,88,0,0,0,0,S
2013-12-31,10:31:13,3727,10,5924,-2,3726,20,0,0,0,0,3728,89,0,0,0,0,B
2013-12-31,10:31:26,3727,2,5926,-2,3726,20,0,0,0,0,3728,89,0,0,0,0,B
2013-12-31,10:31:36,3726,12,5938,0,3726,15,0,0,0,0,3728,90,0,0,0,0,S
2013-12-31,10:31:42,3727,4,5942,0,3726,15,0,0,0,0,3728,90,0,0,0,0,B
2013-12-31,10:32:01,3728,4,5946,-4,3726,15,0,0,0,0,3728,102,0,0,0,0,B
2013-12-31,10:32:26,3728,2,5948,-2,3727,20,0,0,0,0,3728,101,0,0,0,0,B
2013-12-31,10:32:40,3728,2,5950,-2,3727,29,0,0,0,0,3728,100,0,0,0,0,B
2013-12-31,10:32:46,3728,160,6110,-160,3727,29,0,0,0,0,3728,20,0,0,0,0,B
2013-12-31,10:32:58,3728,2,6112,-2,3727,29,0,0,0,0,3728,20,0,0,0,0,B
2013-12-31,10:33:06,3728,2,6114,-2,3727,29,0,0,0,0,3728,19,0,0,0,0,B
2013-12-31,10:33:11,3728,38,6152,-18,3728,1,0,0,0,0,3729,79,0,0,0,0,B
2013-12-31,10:33:45,3728,2,6154,-2,3728,19,0,0,0,0,3729,60,0,0,0,0,S
2013-12-31,10:33:52,3729,2,6156,-2,3728,19,0,0,0,0,3729,59,0,0,0,0,B
2013-12-31,10:34:13,3729,118,6274,-118,3729,6,0,0,0,0,3730,366,0,0,0,0,B
2013-12-31,10:34:16,3730,2,6276,-2,3729,6,0,0,0,0,3730,365,0,0,0,0,B
2013-12-31,10:34:26,3729,10,6286,-10,3729,2,0,0,0,0,3730,366,0,0,0,0,S
2013-12-31,10:34:33,3729,2,6288,-2,3729,1,0,0,0,0,3730,366,0,0,0,0,S
2013-12-31,10:34:39,3730,2,6290,-2,3729,1,0,0,0,0,3730,346,0,0,0,0,B
2013-12-31,10:34:39,3729,2,6292,-2,3728,25,0,0,0,0,3730,347,0,0,0,0,S
2013-12-31,10:34:48,3729,2,6294,-2,3729,5,0,0,0,0,3730,367,0,0,0,0,B
2013-12-31,10:34:49,3730,2,6296,-2,3729,5,0,0,0,0,3730,366,0,0,0,0,B
2013-12-31,10:35:02,3729,2,6298,-2,3729,4,0,0,0,0,3730,361,0,0,0,0,S
2013-12-31,10:35:23,3730,4,6302,-4,3729,6,0,0,0,0,3730,362,0,0,0,0,B
2013-12-31,10:35:28,3730,10,6312,-10,3729,6,0,0,0,0,3730,357,0,0,0,0,B
2013-12-31,10:35:32,3729,4,6316,-4,3729,4,0,0,0,0,3730,357,0,0,0,0,S
2013-12-31,10:35:40,3729,6,6322,-6,3729,1,0,0,0,0,3730,358,0,0,0,0,S
2013-12-31,10:36:22,3730,6,6328,-6,3729,2,0,0,0,0,3730,356,0,0,0,0,B
2013-12-31,10:36:36,3730,2,6330,-2,3729,2,0,0,0,0,3730,355,0,0,0,0,B
2013-12-31,10:36:41,3730,2,6332,-2,3729,2,0,0,0,0,3730,354,0,0,0,0,B
2013-12-31,10:36:41,3729,2,6334,0,3729,1,0,0,0,0,3730,354,0,0,0,0,S
2013-12-31,10:36:47,3730,4,6338,-4,3729,1,0,0,0,0,3730,346,0,0,0,0,B
2013-12-31,10:36:48,3729,2,6340,0,3728,13,0,0,0,0,3730,346,0,0,0,0,S
2013-12-31,10:36:54,3730,8,6348,-8,3728,15,0,0,0,0,3730,348,0,0,0,0,B
2013-12-31,10:36:58,3728,12,6360,-12,3728,9,0,0,0,0,3730,342,0,0,0,0,S
2013-12-31,10:37:00,3730,2,6362,-2,3728,9,0,0,0,0,3730,341,0,0,0,0,B
2013-12-31,10:37:40,3729,2,6364,0,3728,8,0,0,0,0,3729,14,0,0,0,0,S
2013-12-31,10:37:41,3728,6,6370,-6,3728,5,0,0,0,0,3729,14,0,0,0,0,S
2013-12-31,10:37:42,3728,2,6372,-2,3728,4,0,0,0,0,3729,14,0,0,0,0,S
2013-12-31,10:37:44,3728,8,6380,-8,3727,31,0,0,0,0,3729,14,0,0,0,0,S
2013-12-31,10:37:52,3728,2,6382,-2,3727,33,0,0,0,0,3729,14,0,0,0,0,S
2013-12-31,10:38:10,3728,2,6384,-2,3727,33,0,0,0,0,3729,15,0,0,0,0,S
2013-12-31,10:38:25,3727,14,6398,-14,3727,28,0,0,0,0,3729,15,0,0,0,0,S
2013-12-31,10:38:45,3729,4,6402,-4,3727,48,0,0,0,0,3729,13,0,0,0,0,B
2013-12-31,10:38:47,3729,2,6404,-2,3727,48,0,0,0,0,3729,12,0,0,0,0,B
2013-12-31,10:39:11,3729,2,6406,-2,3728,3,0,0,0,0,3729,11,0,0,0,0,B
2013-12-31,10:39:29,3729,4,6410,-4,3728,16,0,0,0,0,3729,9,0,0,0,0,B
2013-12-31,10:39:35,3728,2,6412,-2,3728,2,0,0,0,0,3729,9,0,0,0,0,S
2013-12-31,10:39:50,3729,16,6428,0,3728,32,0,0,0,0,3729,1,0,0,0,0,B
2013-12-31,10:40:04,3729,4,6432,-2,3728,31,0,0,0,0,3730,350,0,0,0,0,B
2013-12-31,10:40:33,3728,70,6502,-70,3727,46,0,0,0,0,3728,165,0,0,0,0,S
2013-12-31,10:40:35,3728,2,6504,-2,3727,48,0,0,0,0,3728,164,0,0,0,0,B
2013-12-31,10:40:39,3728,2,6506,-2,3727,48,0,0,0,0,3728,163,0,0,0,0,B
2013-12-31,10:41:02,3727,2,6508,-2,3727,72,0,0,0,0,3728,163,0,0,0,0,S
2013-12-31,10:41:12,3728,16,6524,-14,3727,64,0,0,0,0,3728,155,0,0,0,0,B
2013-12-31,10:41:13,3728,8,6532,-4,3727,73,0,0,0,0,3728,151,0,0,0,0,B
2013-12-31,10:41:13,3728,4,6536,-4,3727,71,0,0,0,0,3728,149,0,0,0,0,B
2013-12-31,10:41:14,3728,20,6556,-20,3727,64,0,0,0,0,3728,139,0,0,0,0,B
2013-12-31,10:41:14,3727,20,6576,-20,3727,53,0,0,0,0,3728,139,0,0,0,0,S
2013-12-31,10:41:21,3728,10,6586,-10,3727,49,0,0,0,0,3728,134,0,0,0,0,B
2013-12-31,10:41:21,3727,4,6590,-4,3727,47,0,0,0,0,3728,134,0,0,0,0,S
2013-12-31,10:41:23,3727,2,6592,-2,3727,46,0,0,0,0,3728,134,0,0,0,0,S
2013-12-31,10:41:35,3728,2,6594,-2,3727,46,0,0,0,0,3728,133,0,0,0,0,B
2013-12-31,10:41:40,3727,2,6596,-2,3727,45,0,0,0,0,3728,153,0,0,0,0,S
2013-12-31,10:41:45,3727,2,6598,-2,3727,44,0,0,0,0,3728,153,0,0,0,0,S
2013-12-31,10:41:46,3728,8,6606,-8,3727,45,0,0,0,0,3728,149,0,0,0,0,B
2013-12-31,10:41:57,3727,2,6608,-2,3727,44,0,0,0,0,3728,149,0,0,0,0,S
2013-12-31,10:42:33,3728,6,6614,-6,3727,75,0,0,0,0,3728,146,0,0,0,0,B
2013-12-31,10:44:12,3728,4,6618,-4,3727,97,0,0,0,0,3728,146,0,0,0,0,B
2013-12-31,10:44:25,3727,28,6646,-28,3727,83,0,0,0,0,3728,146,0,0,0,0,S
2013-12-31,10:44:31,3728,2,6648,-2,3727,83,0,0,0,0,3728,145,0,0,0,0,B
2013-12-31,10:44:40,3727,100,6748,-98,3727,33,0,0,0,0,3728,150,0,0,0,0,S
2013-12-31,10:44:43,3727,2,6750,-2,3727,32,0,0,0,0,3728,150,0,0,0,0,S
2013-12-31,10:45:02,3727,20,6770,-20,3727,22,0,0,0,0,3728,150,0,0,0,0,S
2013-12-31,10:45:04,3727,6,6776,0,3727,19,0,0,0,0,3728,150,0,0,0,0,S
2013-12-31,10:45:50,3727,4,6780,0,3727,37,0,0,0,0,3728,150,0,0,0,0,S
2013-12-31,10:46:05,3728,20,6800,-20,3727,37,0,0,0,0,3728,140,0,0,0,0,B
2013-12-31,10:46:08,3728,50,6850,-50,3727,37,0,0,0,0,3728,115,0,0,0,0,B
2013-12-31,10:46:12,3728,2,6852,-2,3727,38,0,0,0,0,3728,114,0,0,0,0,B
2013-12-31,10:46:18,3728,2,6854,-2,3727,38,0,0,0,0,3728,113,0,0,0,0,B
2013-12-31,10:47:01,3727,20,6874,-10,3727,28,0,0,0,0,3728,118,0,0,0,0,S
2013-12-31,10:47:06,3727,4,6878,-4,3727,46,0,0,0,0,3728,118,0,0,0,0,S
2013-12-31,10:47:07,3727,2,6880,-2,3727,45,0,0,0,0,3728,118,0,0,0,0,S
2013-12-31,10:47:12,3728,6,6886,-6,3727,46,0,0,0,0,3728,115,0,0,0,0,B
2013-12-31,10:47:33,3728,2,6888,-2,3727,46,0,0,0,0,3728,114,0,0,0,0,B
2013-12-31,10:49:08,3727,4,6892,-4,3727,58,0,0,0,0,3728,114,0,0,0,0,S
2013-12-31,10:49:48,3727,2,6894,-2,3727,58,0,0,0,0,3728,114,0,0,0,0,S
2013-12-31,10:49:53,3727,2,6896,-2,3727,57,0,0,0,0,3728,114,0,0,0,0,S
2013-12-31,10:49:59,3727,2,6898,-2,3727,56,0,0,0,0,3728,114,0,0,0,0,S
2013-12-31,10:50:03,3727,2,6900,-2,3727,55,0,0,0,0,3728,114,0,0,0,0,S
2013-12-31,10:50:19,3727,2,6902,-2,3727,54,0,0,0,0,3728,114,0,0,0,0,S
2013-12-31,10:50:27,3727,2,6904,-2,3727,53,0,0,0,0,3728,114,0,0,0,0,S
2013-12-31,10:50:33,3727,2,6906,-2,3727,52,0,0,0,0,3728,114,0,0,0,0,S
2013-12-31,10:50:56,3728,4,6910,-4,3727,50,0,0,0,0,3728,115,0,0,0,0,B
2013-12-31,10:53:01,3727,100,7010,-76,3727,10,0,0,0,0,3728,168,0,0,0,0,S
2013-12-31,10:53:04,3727,4,7014,0,3727,8,0,0,0,0,3728,168,0,0,0,0,S
2013-12-31,10:53:44,3728,2,7016,-2,3727,9,0,0,0,0,3728,167,0,0,0,0,B
2013-12-31,10:54:55,3727,4,7020,0,3727,23,0,0,0,0,3728,172,0,0,0,0,S
2013-12-31,10:55:12,3727,6,7026,0,3727,20,0,0,0,0,3728,169,0,0,0,0,S
2013-12-31,10:55:58,3727,44,7070,-42,3726,47,0,0,0,0,3727,28,0,0,0,0,S
2013-12-31,10:56:06,3727,8,7078,-8,3726,47,0,0,0,0,3727,24,0,0,0,0,B
2013-12-31,10:56:08,3726,2,7080,-2,3726,47,0,0,0,0,3727,24,0,0,0,0,S
2013-12-31,10:56:49,3726,2,7082,-2,3726,46,0,0,0,0,3727,50,0,0,0,0,S
2013-12-31,10:56:55,3726,22,7104,-2,3726,35,0,0,0,0,3727,32,0,0,0,0,S
2013-12-31,10:56:56,3726,8,7112,0,3726,31,0,0,0,0,3727,51,0,0,0,0,S
2013-12-31,10:56:56,3726,2,7114,-2,3726,30,0,0,0,0,3727,51,0,0,0,0,S
2013-12-31,10:56:57,3726,6,7120,0,3726,27,0,0,0,0,3727,51,0,0,0,0,S
2013-12-31,10:56:58,3726,2,7122,0,3726,26,0,0,0,0,3727,51,0,0,0,0,S
2013-12-31,10:56:59,3726,4,7126,-4,3726,24,0,0,0,0,3727,51,0,0,0,0,S
2013-12-31,10:57:07,3726,38,7164,-18,3726,5,0,0,0,0,3727,32,0,0,0,0,S
2013-12-31,10:57:21,3726,10,7174,-10,3725,12,0,0,0,0,3727,48,0,0,0,0,S
2013-12-31,10:57:50,3725,32,7206,-12,3725,4,0,0,0,0,3726,1,0,0,0,0,S
2013-12-31,10:57:50,3725,2,7208,0,3725,3,0,0,0,0,3726,12,0,0,0,0,S
2013-12-31,10:57:54,3725,6,7214,0,3724,5,0,0,0,0,3726,1,0,0,0,0,S
2013-12-31,10:57:55,3723,16,7230,0,3723,17,0,0,0,0,3726,1,0,0,0,0,S
2013-12-31,10:57:56,3723,4,7234,-4,3723,15,0,0,0,0,3726,1,0,0,0,0,S
2013-12-31,10:57:56,3723,4,7238,-4,3723,13,0,0,0,0,3726,1,0,0,0,0,S
2013-12-31,10:58:03,3723,2,7240,0,3723,22,0,0,0,0,3726,1,0,0,0,0,S
2013-12-31,10:58:15,3723,2,7242,0,3723,24,0,0,0,0,3726,1,0,0,0,0,S
2013-12-31,10:58:31,3726,2,7244,-2,3723,24,0,0,0,0,3727,35,0,0,0,0,B
2013-12-31,10:58:36,3723,4,7248,0,3723,22,0,0,0,0,3727,34,0,0,0,0,S
2013-12-31,10:58:57,3723,10,7258,0,3723,19,0,0,0,0,3726,2,0,0,0,0,S
2013-12-31,10:59:04,3723,10,7268,-10,3723,14,0,0,0,0,3726,2,0,0,0,0,S
2013-12-31,10:59:11,3723,4,7272,-4,3723,12,0,0,0,0,3726,9,0,0,0,0,S
2013-12-31,10:59:20,3724,2,7274,0,3723,12,0,0,0,0,3725,200,0,0,0,0,B
2013-12-31,10:59:36,3723,2,7276,-2,3723,11,0,0,0,0,3725,200,0,0,0,0,S
2013-12-31,10:59:41,3723,6,7282,-6,3723,8,0,0,0,0,3724,3,0,0,0,0,S
2013-12-31,10:59:48,3724,2,7284,-2,3723,8,0,0,0,0,3724,3,0,0,0,0,B
2013-12-31,10:59:55,3724,2,7286,-2,3723,8,0,0,0,0,3724,2,0,0,0,0,B
2013-12-31,10:59:58,3724,2,7288,-2,3723,8,0,0,0,0,3724,1,0,0,0,0,B
2013-12-31,11:00:16,3723,6,7294,-6,3723,5,0,0,0,0,3724,2,0,0,0,0,S
2013-12-31,11:00:25,3723,10,7304,-10,3722,72,0,0,0,0,3723,95,0,0,0,0,S
2013-12-31,11:00:36,3722,16,7320,-16,3722,64,0,0,0,0,3723,95,0,0,0,0,S
2013-12-31,11:00:38,3722,10,7330,-10,3722,59,0,0,0,0,3723,95,0,0,0,0,S
2013-12-31,11:00:55,3722,2,7332,0,3722,58,0,0,0,0,3723,95,0,0,0,0,S
2013-12-31,11:01:07,3723,20,7352,-20,3722,58,0,0,0,0,3723,85,0,0,0,0,B
2013-12-31,11:01:09,3723,4,7356,-4,3722,58,0,0,0,0,3723,83,0,0,0,0,B
2013-12-31,11:01:13,3723,100,7456,0,3722,58,0,0,0,0,3723,33,0,0,0,0,B
2013-12-31,11:01:23,3723,4,7460,-4,3722,58,0,0,0,0,3723,33,0,0,0,0,B
2013-12-31,11:01:40,3723,20,7480,-20,3722,62,0,0,0,0,3723,23,0,0,0,0,B
2013-12-31,11:01:43,3723,6,7486,-4,3722,61,0,0,0,0,3723,20,0,0,0,0,B
2013-12-31,11:02:01,3723,2,7488,-2,3722,71,0,0,0,0,3723,19,0,0,0,0,B
2013-12-31,11:02:08,3723,22,7510,-8,3722,72,0,0,0,0,3723,8,0,0,0,0,B
2013-12-31,11:02:10,3723,2,7512,0,3722,72,0,0,0,0,3723,7,0,0,0,0,B
2013-12-31,11:02:15,3723,24,7536,-2,3722,82,0,0,0,0,3723,26,0,0,0,0,B
2013-12-31,11:02:21,3723,46,7582,-24,3722,81,0,0,0,0,3723,3,0,0,0,0,B
2013-12-31,11:02:22,3723,6,7588,0,3722,81,0,0,0,0,3724,3,0,0,0,0,B
2013-12-31,11:02:40,3723,2,7590,-2,3722,60,0,0,0,0,3723,1,0,0,0,0,B
2013-12-31,11:02:50,3722,26,7616,-22,3722,47,0,0,0,0,3723,11,0,0,0,0,S
2013-12-31,11:03:06,3722,40,7656,-40,3722,27,0,0,0,0,3723,11,0,0,0,0,S
2013-12-31,11:03:36,3722,54,7710,-54,3721,20,0,0,0,0,3723,1,0,0,0,0,S
2013-12-31,11:04:05,3722,2,7712,-2,3722,14,0,0,0,0,3723,1,0,0,0,0,B
2013-12-31,11:04:06,3722,28,7740,-6,3721,28,0,0,0,0,3722,1,0,0,0,0,S
2013-12-31,11:04:13,3722,2,7742,0,3721,27,0,0,0,0,3723,1,0,0,0,0,B
2013-12-31,11:04:22,3722,4,7746,-4,3721,7,0,0,0,0,3723,1,0,0,0,0,B
2013-12-31,11:04:31,3723,12,7758,-12,3721,7,0,0,0,0,3724,9,0,0,0,0,B
2013-12-31,11:04:33,3721,4,7762,-4,3721,10,0,0,0,0,3724,9,0,0,0,0,S
2013-12-31,11:04:34,3721,2,7764,-2,3721,9,0,0,0,0,3724,9,0,0,0,0,S
2013-12-31,11:04:34,3721,8,7772,-8,3720,244,0,0,0,0,3724,9,0,0,0,0,S
2013-12-31,11:04:46,3721,4,7776,0,3720,244,0,0,0,0,3724,9,0,0,0,0,B
2013-12-31,11:04:55,3723,90,7866,-90,3720,245,0,0,0,0,3724,19,0,0,0,0,B
2013-12-31,11:05:16,3722,6,7872,0,3721,33,0,0,0,0,3722,17,0,0,0,0,S
2013-12-31,11:06:01,3722,2,7874,-2,3721,17,0,0,0,0,3722,40,0,0,0,0,B
2013-12-31,11:06:07,3721,4,7878,-4,3721,45,0,0,0,0,3722,24,0,0,0,0,S
2013-12-31,11:06:22,3721,32,7910,-28,3721,29,0,0,0,0,3722,24,0,0,0,0,S
2013-12-31,11:06:46,3721,38,7948,-38,3721,10,0,0,0,0,3722,24,0,0,0,0,S
2013-12-31,11:07:16,3722,2,7950,-2,3721,29,0,0,0,0,3722,23,0,0,0,0,B
2013-12-31,11:07:29,3721,36,7986,-36,3720,284,0,0,0,0,3722,23,0,0,0,0,S
2013-12-31,11:07:31,3722,22,8008,-22,3720,284,0,0,0,0,3722,12,0,0,0,0,B
2013-12-31,11:07:45,3721,4,8012,-4,3721,23,0,0,0,0,3722,12,0,0,0,0,S
2013-12-31,11:08:09,3721,40,8052,-20,3720,334,0,0,0,0,3722,12,0,0,0,0,S
2013-12-31,11:08:09,3721,4,8056,-4,3720,334,0,0,0,0,3722,12,0,0,0,0,S
2013-12-31,11:08:10,3721,24,8080,-2,3720,344,0,0,0,0,3721,42,0,0,0,0,S
2013-12-31,11:08:10,3721,6,8086,-6,3720,344,0,0,0,0,3721,39,0,0,0,0,B
2013-12-31,11:08:15,3721,20,8106,-20,3720,344,0,0,0,0,3721,31,0,0,0,0,B
2013-12-31,11:08:35,3721,20,8126,0,3720,333,0,0,0,0,3721,21,0,0,0,0,B
2013-12-31,11:09:16,3721,104,8230,-104,3720,303,0,0,0,0,3721,2,0,0,0,0,B
2013-12-31,11:09:19,3721,4,8234,0,3720,301,0,0,0,0,3722,25,0,0,0,0,B
2013-12-31,11:09:35,3722,6,8240,-6,3720,301,0,0,0,0,3722,22,0,0,0,0,B
2013-12-31,11:09:51,3721,10,8250,-10,3720,292,0,0,0,0,3722,10,0,0,0,0,S
2013-12-31,11:10:22,3721,14,8264,-14,3721,23,0,0,0,0,3722,21,0,0,0,0,S
2013-12-31,11:10:46,3722,2,8266,-2,3721,24,0,0,0,0,3722,20,0,0,0,0,B
2013-12-31,11:10:53,3721,2,8268,-2,3721,22,0,0,0,0,3722,20,0,0,0,0,S
2013-12-31,11:11:07,3721,8,8276,-8,3721,18,0,0,0,0,3722,12,0,0,0,0,S
2013-12-31,11:11:08,3721,2,8278,-2,3721,17,0,0,0,0,3722,11,0,0,0,0,S
2013-12-31,11:11:09,3721,4,8282,-4,3721,15,0,0,0,0,3722,9,0,0,0,0,S
2013-12-31,11:11:11,3722,10,8292,-10,3721,15,0,0,0,0,3722,5,0,0,0,0,B
2013-12-31,11:11:31,3721,4,8296,-4,3721,21,0,0,0,0,3722,4,0,0,0,0,S
2013-12-31,11:11:44,3722,2,8298,-2,3721,21,0,0,0,0,3722,3,0,0,0,0,B
2013-12-31,11:12:12,3722,2,8300,0,3721,34,0,0,0,0,3722,7,0,0,0,0,B
2013-12-31,11:12:17,3722,14,8314,0,3722,13,0,0,0,0,3723,13,0,0,0,0,B
2013-12-31,11:12:54,3722,26,8340,0,3721,34,0,0,0,0,3722,27,0,0,0,0,S
2013-12-31,11:12:57,3722,4,8344,-4,3721,34,0,0,0,0,3722,25,0,0,0,0,B
2013-12-31,11:13:30,3721,20,8364,-20,3721,24,0,0,0,0,3722,25,0,0,0,0,S
2013-12-31,11:13:31,3722,2,8366,-2,3721,24,0,0,0,0,3722,24,0,0,0,0,B
2013-12-31,11:14:02,3721,20,8386,0,3721,8,0,0,0,0,3722,50,0,0,0,0,S
2013-12-31,11:14:05,3721,2,8388,-2,3721,7,0,0,0,0,3722,50,0,0,0,0,S
2013-12-31,11:14:21,3721,4,8392,-4,3721,6,0,0,0,0,3722,29,0,0,0,0,S
2013-12-31,11:14:38,3722,24,8416,-24,3721,6,0,0,0,0,3722,17,0,0,0,0,B
2013-12-31,11:14:42,3721,12,8428,-12,3720,312,0,0,0,0,3721,287,0,0,0,0,S
2013-12-31,11:14:56,3720,2,8430,-2,3720,294,0,0,0,0,3721,287,0,0,0,0,S
2013-12-31,11:15:00,3720,32,8462,-32,3720,295,0,0,0,0,3721,287,0,0,0,0,S
2013-12-31,11:15:00,3720,2,8464,-2,3720,294,0,0,0,0,3721,288,0,0,0,0,S
2013-12-31,11:15:02,3720,204,8668,-204,3720,175,0,0,0,0,3721,288,0,0,0,0,S
2013-12-31,11:15:03,3720,60,8728,-60,3720,145,0,0,0,0,3721,288,0,0,0,0,S
2013-12-31,11:15:03,3720,20,8748,0,3720,136,0,0,0,0,3721,288,0,0,0,0,S
2013-12-31,11:15:04,3720,108,8856,-48,3720,81,0,0,0,0,3721,288,0,0,0,0,S
2013-12-31,11:15:04,3720,4,8860,-4,3720,79,0,0,0,0,3721,288,0,0,0,0,S
2013-12-31,11:15:05,3720,72,8932,-72,3720,43,0,0,0,0,3721,288,0,0,0,0,S
2013-12-31,11:15:06,3720,2,8934,-2,3720,42,0,0,0,0,3721,288,0,0,0,0,S
2013-12-31,11:15:07,3720,36,8970,-36,3720,24,0,0,0,0,3721,288,0,0,0,0,S
2013-12-31,11:15:19,3720,10,8980,-10,3720,19,0,0,0,0,3721,288,0,0,0,0,S
2013-12-31,11:16:07,3720,42,9022,-42,3719,76,0,0,0,0,3720,179,0,0,0,0,S
2013-12-31,11:16:22,3720,6,9028,-6,3719,83,0,0,0,0,3720,185,0,0,0,0,B
2013-12-31,11:16:27,3719,60,9088,-58,3719,64,0,0,0,0,3720,176,0,0,0,0,S
2013-12-31,11:16:31,3719,4,9092,-4,3719,62,0,0,0,0,3720,176,0,0,0,0,S
2013-12-31,11:16:47,3720,6,9098,-6,3719,62,0,0,0,0,3720,173,0,0,0,0,B
2013-12-31,11:17:13,3720,6,9104,-6,3719,18,0,0,0,0,3720,171,0,0,0,0,B
2013-12-31,11:17:30,3719,2,9106,-2,3719,61,0,0,0,0,3720,171,0,0,0,0,S
2013-12-31,11:17:31,3720,34,9140,-20,3719,48,0,0,0,0,3720,155,0,0,0,0,B
2013-12-31,11:17:32,3719,114,9254,-88,3718,43,0,0,0,0,3719,230,0,0,0,0,S
2013-12-31,11:17:33,3719,2,9256,0,3718,42,0,0,0,0,3719,230,0,0,0,0,B
2013-12-31,11:17:34,3719,14,9270,0,3718,45,0,0,0,0,3719,223,0,0,0,0,B
2013-12-31,11:17:48,3718,8,9278,-8,3718,44,0,0,0,0,3719,231,0,0,0,0,S
2013-12-31,11:17:52,3719,20,9298,0,3718,49,0,0,0,0,3719,221,0,0,0,0,B
2013-12-31,11:17:59,3718,10,9308,-10,3718,44,0,0,0,0,3719,222,0,0,0,0,S
2013-12-31,11:17:59,3718,12,9320,-2,3718,39,0,0,0,0,3719,221,0,0,0,0,S
2013-12-31,11:18:01,3719,2,9322,0,3718,39,0,0,0,0,3719,220,0,0,0,0,B
2013-12-31,11:18:04,3719,20,9342,0,3718,39,0,0,0,0,3719,201,0,0,0,0,B
2013-12-31,11:18:08,3719,4,9346,0,3718,39,0,0,0,0,3719,199,0,0,0,0,B
2013-12-31,11:18:10,3719,6,9352,0,3718,39,0,0,0,0,3719,196,0,0,0,0,B
2013-12-31,11:18:14,3719,2,9354,0,3718,40,0,0,0,0,3719,195,0,0,0,0,B
2013-12-31,11:18:21,3719,20,9374,0,3718,40,0,0,0,0,3719,185,0,0,0,0,B
2013-12-31,11:18:24,3719,2,9376,-2,3718,40,0,0,0,0,3719,184,0,0,0,0,B
2013-12-31,11:18:49,3719,118,9494,-118,3718,40,0,0,0,0,3719,125,0,0,0,0,B
2013-12-31,11:18:51,3719,2,9496,-2,3718,40,0,0,0,0,3719,125,0,0,0,0,B
2013-12-31,11:18:57,3718,4,9500,-4,3718,39,0,0,0,0,3719,125,0,0,0,0,S
2013-12-31,11:18:58,3718,4,9504,-4,3718,36,0,0,0,0,3719,125,0,0,0,0,S
2013-12-31,11:19:35,3718,18,9522,-18,3718,27,0,0,0,0,3719,125,0,0,0,0,S
2013-12-31,11:19:37,3719,4,9526,-4,3718,27,0,0,0,0,3719,123,0,0,0,0,B
2013-12-31,11:19:56,3718,2,9528,-2,3718,26,0,0,0,0,3719,122,0,0,0,0,S
2013-12-31,11:19:58,3718,2,9530,-2,3718,25,0,0,0,0,3719,122,0,0,0,0,S
2013-12-31,11:20:00,3719,4,9534,-4,3718,25,0,0,0,0,3719,120,0,0,0,0,B
2013-12-31,11:20:01,3718,26,9560,-26,3718,12,0,0,0,0,3719,120,0,0,0,0,S
2013-12-31,11:20:19,3718,2,9562,-2,3718,40,0,0,0,0,3719,120,0,0,0,0,S
2013-12-31,11:20:47,3718,2,9564,-2,3718,56,0,0,0,0,3719,119,0,0,0,0,S
2013-12-31,11:20:52,3718,24,9588,-24,3718,45,0,0,0,0,3719,119,0,0,0,0,S
2013-12-31,11:20:56,3719,4,9592,0,3718,45,0,0,0,0,3719,117,0,0,0,0,B
2013-12-31,11:21:38,3718,2,9594,-2,3718,89,0,0,0,0,3719,117,0,0,0,0,S
2013-12-31,11:22:00,3718,40,9634,-40,3718,69,0,0,0,0,3719,130,0,0,0,0,S
2013-12-31,11:22:03,3718,2,9636,-2,3718,68,0,0,0,0,3719,130,0,0,0,0,S
2013-12-31,11:22:07,3718,2,9638,-2,3718,67,0,0,0,0,3719,130,0,0,0,0,S
2013-12-31,11:22:30,3719,54,9692,-54,3718,67,0,0,0,0,3719,104,0,0,0,0,B
2013-12-31,11:22:38,3718,6,9698,-6,3718,64,0,0,0,0,3719,104,0,0,0,0,S
2013-12-31,11:22:45,3719,64,9762,-64,3718,64,0,0,0,0,3719,72,0,0,0,0,B
2013-12-31,11:23:22,3718,4,9766,-4,3718,65,0,0,0,0,3719,74,0,0,0,0,S
2013-12-31,11:23:31,3719,2,9768,-2,3718,66,0,0,0,0,3719,73,0,0,0,0,B
2013-12-31,11:23:39,3718,120,9888,0,3718,6,0,0,0,0,3719,73,0,0,0,0,S
2013-12-31,11:23:40,3717,40,9928,2,3717,56,0,0,0,0,3719,73,0,0,0,0,S
2013-12-31,11:23:58,3717,20,9948,-20,3717,46,0,0,0,0,3718,2,0,0,0,0,S
2013-12-31,11:23:58,3718,4,9952,-4,3718,8,0,0,0,0,3719,73,0,0,0,0,B
2013-12-31,11:24:01,3719,120,10072,-120,3718,8,0,0,0,0,3719,13,0,0,0,0,B
2013-12-31,11:24:02,3719,32,10104,-32,3719,4,0,0,0,0,3720,233,0,0,0,0,B
2013-12-31,11:24:08,3720,10,10114,-8,3718,13,0,0,0,0,3720,229,0,0,0,0,B
2013-12-31,11:24:10,3718,20,10134,-20,3718,3,0,0,0,0,3720,229,0,0,0,0,S
2013-12-31,11:24:14,3720,2,10136,-2,3718,4,0,0,0,0,3720,228,0,0,0,0,B
2013-12-31,11:24:29,3720,40,10176,-40,3718,5,0,0,0,0,3720,210,0,0,0,0,B
2013-12-31,11:24:59,3718,2,10178,-2,3718,11,0,0,0,0,3720,220,0,0,0,0,S
2013-12-31,11:25:13,3719,4,10182,-4,3718,11,0,0,0,0,3719,8,0,0,0,0,B
2013-12-31,11:25:35,3719,2,10184,-2,3718,11,0,0,0,0,3719,7,0,0,0,0,B
2013-12-31,11:25:39,3718,14,10198,-12,3718,4,0,0,0,0,3719,7,0,0,0,0,S
2013-12-31,11:25:43,3719,4,10202,-4,3718,4,0,0,0,0,3719,5,0,0,0,0,B
2013-12-31,11:26:08,3718,10,10212,-10,3717,48,0,0,0,0,3718,5,0,0,0,0,S
2013-12-31,11:26:13,3718,10,10222,-10,3717,48,0,0,0,0,3719,11,0,0,0,0,B
2013-12-31,11:26:44,3718,10,10232,0,3717,54,0,0,0,0,3718,5,0,0,0,0,B
2013-12-31,11:26:54,3718,12,10244,-12,3717,55,0,0,0,0,3719,11,0,0,0,0,B
2013-12-31,11:27:22,3719,4,10248,0,3717,55,0,0,0,0,3719,9,0,0,0,0,B
2013-12-31,11:27:48,3718,2,10250,0,3718,1,0,0,0,0,3719,9,0,0,0,0,S
2013-12-31,11:28:23,3718,20,10270,-20,3718,22,0,0,0,0,3719,9,0,0,0,0,S
2013-12-31,11:28:25,3718,20,10290,-20,3718,12,0,0,0,0,3719,9,0,0,0,0,S
2013-12-31,11:28:27,3719,2,10292,-2,3718,12,0,0,0,0,3719,8,0,0,0,0,B
2013-12-31,11:28:31,3718,2,10294,-2,3718,11,0,0,0,0,3719,8,0,0,0,0,S
2013-12-31,11:28:42,3719,2,10296,-2,3718,11,0,0,0,0,3719,17,0,0,0,0,B
2013-12-31,11:29:13,3719,22,10318,-22,3718,20,0,0,0,0,3719,6,0,0,0,0,B
2013-12-31,11:29:18,3719,12,10330,-12,3719,14,0,0,0,0,3720,224,0,0,0,0,B
2013-12-31,11:29:25,3718,60,10390,-60,3718,4,0,0,0,0,3720,225,0,0,0,0,S
2013-12-31,11:29:31,3718,6,10396,-6,3718,2,0,0,0,0,3720,225,0,0,0,0,S
2013-12-31,11:29:44,3720,8,10404,-8,3718,2,0,0,0,0,3720,221,0,0,0,0,B
2013-12-31,11:29:46,3720,10,10414,-10,3718,2,0,0,0,0,3720,216,0,0,0,0,B
2013-12-31,13:30:05,3720,8,10422,-8,3718,6,0,0,0,0,3720,212,0,0,0,0,B
2013-12-31,13:30:06,3720,2,10424,-2,3718,6,0,0,0,0,3720,211,0,0,0,0,B
2013-12-31,13:30:06,3720,4,10428,-4,3718,6,0,0,0,0,3720,209,0,0,0,0,B
2013-12-31,13:30:22,3720,22,10450,-22,3718,6,0,0,0,0,3720,202,0,0,0,0,B
2013-12-31,13:30:27,3720,56,10506,0,3718,6,0,0,0,0,3720,174,0,0,0,0,B
2013-12-31,13:30:30,3720,4,10510,-4,3718,6,0,0,0,0,3720,172,0,0,0,0,B
2013-12-31,13:30:52,3719,4,10514,-4,3719,4,0,0,0,0,3720,172,0,0,0,0,S
2013-12-31,13:30:57,3719,4,10518,-4,3719,2,0,0,0,0,3720,172,0,0,0,0,S
2013-12-31,13:31:01,3719,4,10522,-4,3718,88,0,0,0,0,3720,172,0,0,0,0,S
2013-12-31,13:31:12,3718,4,10526,-4,3718,86,0,0,0,0,3719,2,0,0,0,0,S
2013-12-31,13:31:25,3719,2,10528,0,3718,86,0,0,0,0,3719,5,0,0,0,0,B
2013-12-31,13:31:28,3719,4,10532,-4,3718,87,0,0,0,0,3719,3,0,0,0,0,B
2013-12-31,13:31:33,3718,4,10536,-4,3718,85,0,0,0,0,3719,3,0,0,0,0,S
2013-12-31,13:31:45,3719,4,10540,-4,3718,85,0,0,0,0,3719,6,0,0,0,0,B
2013-12-31,13:31:46,3719,2,10542,-2,3718,85,0,0,0,0,3719,5,0,0,0,0,B
2013-12-31,13:31:54,3719,10,10552,-10,3719,5,0,0,0,0,3720,171,0,0,0,0,B
2013-12-31,13:32:03,3719,10,10562,-10,3718,87,0,0,0,0,3719,5,0,0,0,0,S
2013-12-31,13:32:05,3719,2,10564,-2,3718,87,0,0,0,0,3719,4,0,0,0,0,B
2013-12-31,13:32:28,3719,2,10566,-2,3718,93,0,0,0,0,3719,3,0,0,0,0,B
2013-12-31,13:32:36,3719,6,10572,0,3719,2,0,0,0,0,3720,174,0,0,0,0,B
2013-12-31,13:32:37,3719,4,10576,4,3718,93,0,0,0,0,3720,174,0,0,0,0,S
2013-12-31,13:32:59,3718,6,10582,-6,3718,90,0,0,0,0,3719,10,0,0,0,0,S
2013-12-31,13:33:08,3719,10,10592,0,3718,90,0,0,0,0,3719,5,0,0,0,0,B
2013-12-31,13:33:13,3719,10,10602,-10,3719,4,0,0,0,0,3720,185,0,0,0,0,B
2013-12-31,13:33:38,3720,10,10612,-10,3719,6,0,0,0,0,3720,180,0,0,0,0,B
2013-12-31,13:34:20,3720,2,10614,-2,3719,6,0,0,0,0,3720,179,0,0,0,0,B
2013-12-31,13:34:24,3720,2,10616,-2,3719,6,0,0,0,0,3720,177,0,0,0,0,B
2013-12-31,13:34:27,3720,2,10618,-2,3719,6,0,0,0,0,3720,176,0,0,0,0,B
2013-12-31,13:34:37,3720,2,10620,-2,3719,6,0,0,0,0,3720,175,0,0,0,0,B
2013-12-31,13:34:42,3719,2,10622,-2,3719,5,0,0,0,0,3720,175,0,0,0,0,S
2013-12-31,13:35:04,3719,14,10636,-14,3718,98,0,0,0,0,3719,8,0,0,0,0,S
2013-12-31,13:35:14,3718,10,10646,-10,3718,93,0,0,0,0,3719,8,0,0,0,0,S
2013-12-31,13:35:33,3719,58,10704,-58,3719,3,0,0,0,0,3720,219,0,0,0,0,B
2013-12-31,13:35:34,3719,4,10708,-4,3719,1,0,0,0,0,3720,219,0,0,0,0,S
2013-12-31,13:35:35,3720,2,10710,-2,3719,1,0,0,0,0,3720,218,0,0,0,0,B
2013-12-31,13:35:36,3719,2,10712,-2,3718,94,0,0,0,0,3720,218,0,0,0,0,S
2013-12-31,13:35:49,3719,10,10722,0,3718,104,0,0,0,0,3719,12,0,0,0,0,S
2013-12-31,13:36:43,3719,4,10726,-4,3718,125,0,0,0,0,3719,11,0,0,0,0,B
2013-12-31,13:36:46,3719,2,10728,-2,3718,125,0,0,0,0,3719,10,0,0,0,0,B
2013-12-31,13:36:49,3719,2,10730,-2,3718,125,0,0,0,0,3719,9,0,0,0,0,B
2013-12-31,13:36:59,3719,10,10740,-10,3718,125,0,0,0,0,3719,4,0,0,0,0,B
2013-12-31,13:37:01,3718,2,10742,-2,3718,124,0,0,0,0,3719,4,0,0,0,0,S
2013-12-31,13:37:11,3719,2,10744,-2,3718,174,0,0,0,0,3719,3,0,0,0,0,B
2013-12-31,13:37:25,3718,2,10746,-2,3718,178,0,0,0,0,3719,3,0,0,0,0,S
2013-12-31,13:37:31,3718,2,10748,0,3718,177,0,0,0,0,3719,4,0,0,0,0,S
2013-12-31,13:37:52,3718,12,10760,-12,3718,176,0,0,0,0,3719,3,0,0,0,0,S
2013-12-31,13:37:53,3719,2,10762,-2,3718,176,0,0,0,0,3719,2,0,0,0,0,B
2013-12-31,13:38:01,3718,2,10764,-2,3718,175,0,0,0,0,3719,28,0,0,0,0,S
2013-12-31,13:38:06,3720,100,10864,-100,3718,175,0,0,0,0,3720,3,0,0,0,0,B
2013-12-31,13:38:15,3719,2,10866,-2,3718,250,0,0,0,0,3719,2,0,0,0,0,S
2013-12-31,13:38:23,3720,100,10966,-100,3718,247,0,0,0,0,3720,178,0,0,0,0,B
2013-12-31,13:38:23,3719,6,10972,-6,3718,247,0,0,0,0,3719,7,0,0,0,0,S
2013-12-31,13:38:36,3720,100,11072,-100,3718,247,0,0,0,0,3720,140,0,0,0,0,B
2013-12-31,13:38:37,3718,2,11074,-2,3718,246,0,0,0,0,3720,140,0,0,0,0,S
2013-12-31,13:38:39,3718,2,11076,-2,3718,245,0,0,0,0,3720,140,0,0,0,0,S
2013-12-31,13:38:46,3718,492,11568,-482,3717,60,0,0,0,0,3718,104,0,0,0,0,S
2013-12-31,13:38:53,3718,110,11678,-100,3717,60,0,0,0,0,3718,49,0,0,0,0,B
2013-12-31,13:38:56,3717,30,11708,-30,3717,62,0,0,0,0,3718,49,0,0,0,0,S
2013-12-31,13:39:00,3718,10,11718,0,3717,62,0,0,0,0,3718,44,0,0,0,0,B
2013-12-31,13:39:03,3717,6,11724,-6,3717,60,0,0,0,0,3718,44,0,0,0,0,S
2013-12-31,13:39:07,3717,22,11746,0,3717,49,0,0,0,0,3718,44,0,0,0,0,S
2013-12-31,13:39:18,3718,10,11756,0,3717,49,0,0,0,0,3718,39,0,0,0,0,B
2013-12-31,13:39:20,3718,2,11758,-2,3717,49,0,0,0,0,3718,38,0,0,0,0,B
2013-12-31,13:39:24,3717,6,11764,-6,3717,46,0,0,0,0,3718,38,0,0,0,0,S
2013-12-31,13:39:26,3718,10,11774,0,3717,46,0,0,0,0,3718,33,0,0,0,0,B
2013-12-31,13:39:33,3718,66,11840,-66,3718,52,0,0,0,0,3719,17,0,0,0,0,B
2013-12-31,13:39:39,3718,6,11846,-6,3718,53,0,0,0,0,3719,17,0,0,0,0,S
2013-12-31,13:39:39,3718,2,11848,0,3718,52,0,0,0,0,3719,17,0,0,0,0,S
2013-12-31,13:39:46,3718,20,11868,-20,3718,42,0,0,0,0,3719,18,0,0,0,0,S
2013-12-31,13:39:46,3718,8,11876,-8,3718,39,0,0,0,0,3719,18,0,0,0,0,S
2013-12-31,13:39:50,3718,10,11886,-10,3718,34,0,0,0,0,3719,19,0,0,0,0,S
2013-12-31,13:39:53,3719,10,11896,0,3718,34,0,0,0,0,3719,14,0,0,0,0,B
2013-12-31,13:40:05,3720,200,12096,-198,3718,34,0,0,0,0,3720,86,0,0,0,0,B
2013-12-31,13:40:17,3720,172,12268,-172,3720,14,0,0,0,0,3721,202,0,0,0,0,B
2013-12-31,13:40:31,3721,2,12270,-2,3720,14,0,0,0,0,3721,201,0,0,0,0,B
2013-12-31,13:40:37,3720,28,12298,-28,3719,1,0,0,0,0,3720,5,0,0,0,0,S
2013-12-31,13:40:41,3720,10,12308,-10,3720,24,0,0,0,0,3721,201,0,0,0,0,B
2013-12-31,13:40:44,3721,6,12314,-6,3720,24,0,0,0,0,3721,198,0,0,0,0,B
2013-12-31,13:40:45,3720,2,12316,-2,3720,23,0,0,0,0,3721,198,0,0,0,0,S
2013-12-31,13:40:47,3720,12,12328,-12,3720,17,0,0,0,0,3721,198,0,0,0,0,S
2013-12-31,13:41:08,3720,20,12348,-20,3720,7,0,0,0,0,3721,203,0,0,0,0,S
2013-12-31,13:41:09,3720,4,12352,-4,3720,5,0,0,0,0,3721,203,0,0,0,0,S
2013-12-31,13:41:14,3720,4,12356,-4,3720,3,0,0,0,0,3721,203,0,0,0,0,S
2013-12-31,13:41:22,3720,4,12360,-4,3720,1,0,0,0,0,3721,204,0,0,0,0,S
2013-12-31,13:41:23,3720,2,12362,0,3719,1,0,0,0,0,3721,204,0,0,0,0,S
2013-12-31,13:41:29,3720,2,12364,-2,3719,1,0,0,0,0,3721,204,0,0,0,0,S
2013-12-31,13:41:40,3720,2,12366,-2,3719,1,0,0,0,0,3720,1,0,0,0,0,S
2013-12-31,13:41:40,3719,2,12368,-2,3718,6,0,0,0,0,3719,1,0,0,0,0,S
2013-12-31,13:41:40,3719,2,12370,-2,3718,6,0,0,0,0,3720,1,0,0,0,0,B
2013-12-31,13:41:54,3719,2,12372,-2,3719,3,0,0,0,0,3720,1,0,0,0,0,S
2013-12-31,13:42:29,3720,2,12374,-2,3720,3,0,0,0,0,3721,204,0,0,0,0,B
2013-12-31,13:42:37,3720,6,12380,-6,3719,2,0,0,0,0,3721,204,0,0,0,0,S
2013-12-31,13:42:55,3719,2,12382,-2,3719,4,0,0,0,0,3721,204,0,0,0,0,S
2013-12-31,13:42:56,3719,4,12386,0,3719,2,0,0,0,0,3721,204,0,0,0,0,S
2013-12-31,13:43:07,3720,2,12388,-2,3719,5,0,0,0,0,3721,6,0,0,0,0,B
2013-12-31,13:43:25,3721,12,12400,-12,3721,4,0,0,0,0,3722,15,0,0,0,0,B
2013-12-31,13:43:28,3721,6,12406,-6,3721,1,0,0,0,0,3722,15,0,0,0,0,S
2013-12-31,13:43:35,3721,2,12408,0,3719,5,0,0,0,0,3722,15,0,0,0,0,S
2013-12-31,13:44:03,3720,2,12410,-2,3720,9,0,0,0,0,3721,4,0,0,0,0,S
2013-12-31,13:44:14,3720,2,12412,-2,3720,8,0,0,0,0,3721,3,0,0,0,0,S
2013-12-31,13:44:15,3721,2,12414,0,3720,8,0,0,0,0,3721,2,0,0,0,0,B
2013-12-31,13:44:23,3720,6,12420,-6,3720,5,0,0,0,0,3721,2,0,0,0,0,S
2013-12-31,13:44:37,3721,4,12424,-4,3720,6,0,0,0,0,3721,3,0,0,0,0,B
2013-12-31,13:44:46,3720,8,12432,-8,3720,2,0,0,0,0,3721,3,0,0,0,0,S
2013-12-31,13:44:50,3720,2,12434,-2,3720,1,0,0,0,0,3721,4,0,0,0,0,S
2013-12-31,13:44:51,3720,2,12436,-2,3719,19,0,0,0,0,3720,1,0,0,0,0,S
2013-12-31,13:44:52,3720,2,12438,-2,3719,19,0,0,0,0,3721,4,0,0,0,0,B
2013-12-31,13:45:28,3721,2,12440,-2,3720,1,0,0,0,0,3721,13,0,0,0,0,B
2013-12-31,13:45:30,3720,2,12442,-2,3719,42,0,0,0,0,3721,13,0,0,0,0,S
2013-12-31,13:45:49,3721,4,12446,-4,3720,1,0,0,0,0,3721,11,0,0,0,0,B
2013-12-31,13:46:03,3721,2,12448,0,3720,1,0,0,0,0,3721,11,0,0,0,0,B
2013-12-31,13:46:08,3720,2,12450,-2,3719,42,0,0,0,0,3721,11,0,0,0,0,S
2013-12-31,13:46:33,3719,2,12452,-2,3719,41,0,0,0,0,3721,11,0,0,0,0,S
2013-12-31,13:46:49,3719,2,12454,-2,3719,40,0,0,0,0,3721,12,0,0,0,0,S
2013-12-31,13:46:51,3721,2,12456,-2,3719,40,0,0,0,0,3721,11,0,0,0,0,B
2013-12-31,13:46:54,3721,2,12458,-2,3719,40,0,0,0,0,3721,10,0,0,0,0,B
2013-12-31,13:47:30,3719,2,12460,-2,3719,40,0,0,0,0,3721,10,0,0,0,0,S
2013-12-31,13:47:52,3721,2,12462,-2,3719,40,0,0,0,0,3721,9,0,0,0,0,B
2013-12-31,13:48:17,3720,2,12464,-2,3720,4,0,0,0,0,3721,10,0,0,0,0,S
2013-12-31,13:48:30,3720,2,12466,-2,3720,13,0,0,0,0,3721,12,0,0,0,0,S
2013-12-31,13:48:41,3720,2,12468,-2,3720,19,0,0,0,0,3721,12,0,0,0,0,S
2013-12-31,13:49:19,3721,2,12470,-2,3720,80,0,0,0,0,3721,23,0,0,0,0,B
2013-12-31,13:49:31,3720,2,12472,-2,3720,69,0,0,0,0,3721,14,0,0,0,0,S
2013-12-31,13:49:37,3721,6,12478,-6,3720,74,0,0,0,0,3721,11,0,0,0,0,B
2013-12-31,13:49:40,3721,20,12498,-20,3720,74,0,0,0,0,3722,26,0,0,0,0,B
2013-12-31,13:49:40,3720,2,12500,-2,3720,73,0,0,0,0,3722,26,0,0,0,0,S
2013-12-31,13:49:50,3720,12,12512,-12,3720,87,0,0,0,0,3722,26,0,0,0,0,S
2013-12-31,13:50:04,3720,2,12514,-2,3720,86,0,0,0,0,3722,27,0,0,0,0,S
2013-12-31,13:50:11,3722,2,12516,0,3721,1,0,0,0,0,3722,25,0,0,0,0,B
2013-12-31,13:50:12,3721,4,12520,-4,3720,86,0,0,0,0,3722,24,0,0,0,0,S
2013-12-31,13:50:18,3720,172,12692,-172,3719,71,0,0,0,0,3720,112,0,0,0,0,S
2013-12-31,13:50:20,3720,4,12696,-4,3719,71,0,0,0,0,3720,110,0,0,0,0,B
2013-12-31,13:50:34,3720,200,12896,-200,3719,70,0,0,0,0,3720,14,0,0,0,0,B
2013-12-31,13:50:37,3720,22,12918,-22,3719,70,0,0,0,0,3720,3,0,0,0,0,B
2013-12-31,13:50:50,3719,4,12922,-4,3719,68,0,0,0,0,3720,3,0,0,0,0,S
2013-12-31,13:50:53,3720,6,12928,-6,3720,22,0,0,0,0,3721,2,0,0,0,0,B
2013-12-31,13:51:01,3720,2,12930,-2,3720,21,0,0,0,0,3721,3,0,0,0,0,S
2013-12-31,13:51:05,3720,4,12934,-2,3720,20,0,0,0,0,3721,2,0,0,0,0,S
2013-12-31,13:51:06,3720,44,12978,-40,3719,68,0,0,0,0,3722,40,0,0,0,0,S
2013-12-31,13:51:09,3720,6,12984,-6,3720,29,0,0,0,0,3721,2,0,0,0,0,S
2013-12-31,13:51:15,3720,40,13024,-40,3720,9,0,0,0,0,3721,3,0,0,0,0,S
2013-12-31,13:51:18,3721,14,13038,-6,3721,3,0,0,0,0,3722,43,0,0,0,0,B
2013-12-31,13:51:18,3721,6,13044,-6,3720,9,0,0,0,0,3721,3,0,0,0,0,S
2013-12-31,13:51:44,3720,2,13046,-2,3720,8,0,0,0,0,3721,20,0,0,0,0,S
2013-12-31,13:51:51,3720,18,13064,-18,3719,68,0,0,0,0,3720,11,0,0,0,0,S
2013-12-31,13:52:07,3720,2,13066,-2,3719,68,0,0,0,0,3720,10,0,0,0,0,B
2013-12-31,13:52:18,3720,18,13084,-18,3719,68,0,0,0,0,3720,11,0,0,0,0,B
2013-12-31,13:52:43,3720,2,13086,-2,3719,71,0,0,0,0,3720,14,0,0,0,0,B
2013-12-31,13:52:50,3720,2,13088,-2,3719,71,0,0,0,0,3720,24,0,0,0,0,B
2013-12-31,13:52:59,3720,4,13092,-4,3719,71,0,0,0,0,3720,22,0,0,0,0,B
2013-12-31,13:53:41,3719,60,13152,-60,3719,41,0,0,0,0,3720,62,0,0,0,0,S
2013-12-31,13:53:53,3719,2,13154,-2,3719,40,0,0,0,0,3720,61,0,0,0,0,S
2013-12-31,13:54:03,3719,4,13158,-2,3719,39,0,0,0,0,3720,61,0,0,0,0,S
2013-12-31,13:54:10,3720,10,13168,-10,3719,39,0,0,0,0,3720,57,0,0,0,0,B
2013-12-31,13:54:43,3720,2,13170,-2,3719,63,0,0,0,0,3720,72,0,0,0,0,B
2013-12-31,13:54:46,3719,80,13250,-80,3719,23,0,0,0,0,3720,72,0,0,0,0,S
2013-12-31,13:54:53,3719,20,13270,-20,3719,13,0,0,0,0,3720,72,0,0,0,0,S
2013-12-31,13:54:59,3719,4,13274,-4,3719,11,0,0,0,0,3720,72,0,0,0,0,S
2013-12-31,13:55:22,3720,2,13276,0,3719,18,0,0,0,0,3720,71,0,0,0,0,B
2013-12-31,13:55:50,3720,10,13286,-10,3719,19,0,0,0,0,3720,67,0,0,0,0,B
2013-12-31,13:55:50,3719,4,13290,-4,3719,17,0,0,0,0,3720,67,0,0,0,0,S
2013-12-31,13:56:08,3719,6,13296,-6,3719,15,0,0,0,0,3720,68,0,0,0,0,S
2013-12-31,13:56:27,3720,194,13490,0,3719,14,0,0,0,0,3721,103,0,0,0,0,B
2013-12-31,13:56:29,3720,2,13492,0,3719,14,0,0,0,0,3721,103,0,0,0,0,S
2013-12-31,13:56:31,3720,40,13532,0,3719,14,0,0,0,0,3721,103,0,0,0,0,S
2013-12-31,13:56:46,3721,206,13738,0,3719,14,0,0,0,0,3722,322,0,0,0,0,B
2013-12-31,13:56:58,3721,12,13750,0,3720,310,0,0,0,0,3721,4,0,0,0,0,S
2013-12-31,13:57:00,3721,8,13758,0,3720,6,0,0,0,0,3722,322,0,0,0,0,B
2013-12-31,13:57:21,3721,4,13762,0,3720,7,0,0,0,0,3722,324,0,0,0,0,S
2013-12-31,13:57:22,3721,2,13764,0,3720,7,0,0,0,0,3722,324,0,0,0,0,S
2013-12-31,13:57:23,3721,2,13766,0,3720,7,0,0,0,0,3722,324,0,0,0,0,S
2013-12-31,13:57:45,3722,2,13768,-2,3721,1,0,0,0,0,3722,323,0,0,0,0,B
2013-12-31,13:57:54,3721,2,13770,-2,3720,6,0,0,0,0,3721,1,0,0,0,0,S
2013-12-31,13:57:55,3721,2,13772,-2,3720,6,0,0,0,0,3722,324,0,0,0,0,B
2013-12-31,13:58:06,3720,10,13782,-10,3720,3,0,0,0,0,3721,1,0,0,0,0,S
2013-12-31,13:58:16,3721,2,13784,-2,3720,4,0,0,0,0,3721,5,0,0,0,0,B
2013-12-31,13:58:21,3720,2,13786,-2,3720,3,0,0,0,0,3721,5,0,0,0,0,S
2013-12-31,13:58:38,3720,2,13788,-2,3720,4,0,0,0,0,3721,19,0,0,0,0,S
2013-12-31,13:59:15,3720,4,13792,-4,3720,59,0,0,0,0,3721,20,0,0,0,0,S
2013-12-31,13:59:25,3720,22,13814,-22,3720,49,0,0,0,0,3721,10,0,0,0,0,S
2013-12-31,13:59:48,3721,2,13816,-2,3720,49,0,0,0,0,3721,11,0,0,0,0,B
2013-12-31,14:00:06,3721,2,13818,-2,3720,52,0,0,0,0,3721,12,0,0,0,0,B
2013-12-31,14:00:08,3721,2,13820,-2,3720,52,0,0,0,0,3721,11,0,0,0,0,B
2013-12-31,14:01:18,3721,2,13822,-2,3720,59,0,0,0,0,3721,13,0,0,0,0,B
2013-12-31,14:01:32,3721,8,13830,-8,3720,59,0,0,0,0,3721,9,0,0,0,0,B
2013-12-31,14:01:47,3721,2,13832,-2,3720,61,0,0,0,0,3721,8,0,0,0,0,B
2013-12-31,14:01:56,3720,100,13932,-100,3720,11,0,0,0,0,3721,11,0,0,0,0,S
2013-12-31,14:01:59,3720,6,13938,-6,3720,8,0,0,0,0,3721,11,0,0,0,0,S
2013-12-31,14:02:17,3721,10,13948,-10,3720,12,0,0,0,0,3721,6,0,0,0,0,B
2013-12-31,14:02:22,3720,10,13958,-10,3720,7,0,0,0,0,3721,6,0,0,0,0,S
2013-12-31,14:02:46,3720,2,13960,-2,3720,8,0,0,0,0,3721,8,0,0,0,0,S
2013-12-31,14:02:54,3720,2,13962,-2,3720,7,0,0,0,0,3721,9,0,0,0,0,S
2013-12-31,14:02:57,3720,4,13966,-4,3720,9,0,0,0,0,3721,9,0,0,0,0,S
2013-12-31,14:02:59,3721,2,13968,-2,3720,9,0,0,0,0,3721,8,0,0,0,0,B
2013-12-31,14:03:01,3721,8,13976,-8,3720,9,0,0,0,0,3721,4,0,0,0,0,B
2013-12-31,14:03:16,3721,2,13978,-2,3720,60,0,0,0,0,3721,3,0,0,0,0,B
2013-12-31,14:03:31,3721,6,13984,-6,3720,357,0,0,0,0,3722,330,0,0,0,0,B
2013-12-31,14:03:48,3721,2,13986,-2,3720,61,0,0,0,0,3721,2,0,0,0,0,S
2013-12-31,14:03:53,3721,4,13990,-4,3720,61,0,0,0,0,3721,1,0,0,0,0,B
2013-12-31,14:04:02,3721,2,13992,-2,3720,307,0,0,0,0,3722,332,0,0,0,0,B
2013-12-31,14:04:12,3721,28,14020,0,3720,62,0,0,0,0,3722,332,0,0,0,0,S
2013-12-31,14:04:19,3722,4,14024,-4,3720,344,0,0,0,0,3722,330,0,0,0,0,B
2013-12-31,14:04:52,3721,4,14028,0,3720,61,0,0,0,0,3722,330,0,0,0,0,S
2013-12-31,14:04:56,3721,2,14030,0,3720,61,0,0,0,0,3722,330,0,0,0,0,S
2013-12-31,14:04:57,3721,10,14040,0,3720,61,0,0,0,0,3722,330,0,0,0,0,S
2013-12-31,14:04:59,3722,4,14044,-4,3720,61,0,0,0,0,3722,328,0,0,0,0,B
2013-12-31,14:04:59,3721,4,14048,0,3720,61,0,0,0,0,3722,328,0,0,0,0,S
2013-12-31,14:05:04,3722,6,14054,-6,3720,61,0,0,0,0,3722,325,0,0,0,0,B
2013-12-31,14:05:04,3721,4,14058,0,3720,61,0,0,0,0,3722,325,0,0,0,0,S
2013-12-31,14:05:14,3721,18,14076,0,3720,62,0,0,0,0,3722,325,0,0,0,0,S
2013-12-31,14:05:20,3721,10,14086,-2,3720,62,0,0,0,0,3722,325,0,0,0,0,S
2013-12-31,14:05:21,3722,100,14186,-100,3720,62,0,0,0,0,3722,275,0,0,0,0,B
2013-12-31,14:05:28,3722,168,14354,0,3720,62,0,0,0,0,3722,191,0,0,0,0,B
2013-12-31,14:05:28,3722,2,14356,0,3720,62,0,0,0,0,3722,190,0,0,0,0,B
2013-12-31,14:05:42,3722,8,14364,-8,3721,180,0,0,0,0,3722,186,0,0,0,0,B
2013-12-31,14:05:53,3722,4,14368,-4,3721,181,0,0,0,0,3722,184,0,0,0,0,B
2013-12-31,14:06:01,3722,24,14392,-24,3721,181,0,0,0,0,3722,172,0,0,0,0,B
2013-12-31,14:06:03,3721,2,14394,-2,3721,180,0,0,0,0,3722,172,0,0,0,0,S
2013-12-31,14:06:04,3722,344,14738,0,3721,8,0,0,0,0,3723,23,0,0,0,0,B
2013-12-31,14:06:07,3721,6,14744,-6,3721,6,0,0,0,0,3723,23,0,0,0,0,S
2013-12-31,14:06:09,3721,2,14746,-2,3721,5,0,0,0,0,3723,23,0,0,0,0,S
2013-12-31,14:06:12,3721,4,14750,-4,3721,3,0,0,0,0,3723,23,0,0,0,0,S
2013-12-31,14:06:13,3721,6,14756,-4,3720,92,0,0,0,0,3721,2,0,0,0,0,S
2013-12-31,14:06:13,3721,4,14760,0,3720,92,0,0,0,0,3723,23,0,0,0,0,B
2013-12-31,14:06:17,3721,2,14762,-2,3721,4,0,0,0,0,3723,23,0,0,0,0,S
2013-12-31,14:06:20,3723,8,14770,-8,3720,95,0,0,0,0,3723,19,0,0,0,0,B
2013-12-31,14:06:28,3720,20,14790,-20,3720,85,0,0,0,0,3723,19,0,0,0,0,S
2013-12-31,14:06:39,3723,6,14796,-6,3721,10,0,0,0,0,3723,16,0,0,0,0,B
2013-12-31,14:06:46,3721,10,14806,-10,3721,5,0,0,0,0,3723,17,0,0,0,0,S
2013-12-31,14:06:51,3721,2,14808,-2,3721,4,0,0,0,0,3723,17,0,0,0,0,S
2013-12-31,14:07:00,3723,2,14810,-2,3721,4,0,0,0,0,3723,24,0,0,0,0,B
2013-12-31,14:07:03,3723,2,14812,-2,3721,4,0,0,0,0,3723,22,0,0,0,0,B
2013-12-31,14:07:09,3723,2,14814,-2,3721,5,0,0,0,0,3723,41,0,0,0,0,B
2013-12-31,14:07:20,3721,2,14816,-2,3721,4,0,0,0,0,3722,2,0,0,0,0,S
2013-12-31,14:07:26,3721,6,14822,-6,3720,97,0,0,0,0,3721,7,0,0,0,0,S
2013-12-31,14:07:27,3721,2,14824,-2,3720,97,0,0,0,0,3721,6,0,0,0,0,B
2013-12-31,14:07:28,3721,2,14826,-2,3720,97,0,0,0,0,3721,5,0,0,0,0,B
2013-12-31,14:07:30,3721,2,14828,-2,3720,97,0,0,0,0,3721,6,0,0,0,0,B
2013-12-31,14:07:43,3721,2,14830,-2,3720,97,0,0,0,0,3721,5,0,0,0,0,B
2013-12-31,14:07:51,3721,2,14832,-2,3720,97,0,0,0,0,3721,6,0,0,0,0,B
2013-12-31,14:07:53,3721,2,14834,-2,3720,97,0,0,0,0,3721,5,0,0,0,0,B
2013-12-31,14:07:55,3721,4,14838,-4,3720,119,0,0,0,0,3721,3,0,0,0,0,B
2013-12-31,14:08:00,3721,6,14844,-6,3721,1,0,0,0,0,3722,5,0,0,0,0,B
2013-12-31,14:08:02,3721,2,14846,-2,3720,119,0,0,0,0,3722,5,0,0,0,0,S
2013-12-31,14:08:05,3720,10,14856,-10,3720,114,0,0,0,0,3722,5,0,0,0,0,S
2013-12-31,14:08:21,3720,2,14858,-2,3720,113,0,0,0,0,3721,1,0,0,0,0,S
2013-12-31,14:08:23,3721,2,14860,2,3720,113,0,0,0,0,3722,2,0,0,0,0,B
2013-12-31,14:08:24,3720,120,14980,-120,3720,53,0,0,0,0,3722,2,0,0,0,0,S
2013-12-31,14:08:41,3722,18,14998,-18,3720,53,0,0,0,0,3722,32,0,0,0,0,B
2013-12-31,14:08:55,3720,10,15008,-10,3720,48,0,0,0,0,3722,32,0,0,0,0,S
2013-12-31,14:08:58,3720,2,15010,-2,3720,47,0,0,0,0,3722,32,0,0,0,0,S
2013-12-31,14:09:05,3720,14,15024,-14,3720,45,0,0,0,0,3722,27,0,0,0,0,S
2013-12-31,14:09:16,3720,12,15036,-12,3720,39,0,0,0,0,3722,36,0,0,0,0,S
2013-12-31,14:09:26,3720,2,15038,-2,3720,38,0,0,0,0,3722,36,0,0,0,0,S
2013-12-31,14:09:29,3720,4,15042,-4,3720,36,0,0,0,0,3722,36,0,0,0,0,S
2013-12-31,14:09:41,3722,10,15052,-10,3720,36,0,0,0,0,3722,31,0,0,0,0,B
2013-12-31,14:09:48,3720,8,15060,-8,3720,32,0,0,0,0,3722,32,0,0,0,0,S
2013-12-31,14:09:49,3722,2,15062,-2,3720,32,0,0,0,0,3722,31,0,0,0,0,B
2013-12-31,14:09:52,3720,2,15064,-2,3720,31,0,0,0,0,3721,1,0,0,0,0,S
2013-12-31,14:09:59,3720,10,15074,-10,3720,26,0,0,0,0,3721,1,0,0,0,0,S
2013-12-31,14:10:02,3721,2,15076,-2,3720,26,0,0,0,0,3722,83,0,0,0,0,B
2013-12-31,14:10:05,3720,4,15080,-4,3720,24,0,0,0,0,3722,83,0,0,0,0,S
2013-12-31,14:10:08,3721,2,15082,-2,3720,25,0,0,0,0,3721,7,0,0,0,0,B
2013-12-31,14:10:17,3721,2,15084,-2,3720,25,0,0,0,0,3721,6,0,0,0,0,B
2013-12-31,14:10:24,3721,2,15086,-2,3720,25,0,0,0,0,3721,5,0,0,0,0,B
2013-12-31,14:10:31,3721,4,15090,-4,3720,25,0,0,0,0,3721,8,0,0,0,0,B
2013-12-31,14:10:55,3721,2,15092,-2,3720,26,0,0,0,0,3721,7,0,0,0,0,B
2013-12-31,14:11:09,3721,10,15102,-10,3720,27,0,0,0,0,3721,2,0,0,0,0,B
2013-12-31,14:11:20,3721,4,15106,-4,3721,5,0,0,0,0,3722,84,0,0,0,0,B
2013-12-31,14:11:39,3721,4,15110,-4,3721,3,0,0,0,0,3722,84,0,0,0,0,S
2013-12-31,14:11:43,3721,8,15118,-8,3720,27,0,0,0,0,3722,84,0,0,0,0,S
2013-12-31,14:11:53,3720,4,15122,-4,3720,27,0,0,0,0,3722,84,0,0,0,0,S
2013-12-31,14:12:10,3720,38,15160,-2,3720,36,0,0,0,0,3722,91,0,0,0,0,S
2013-12-31,14:13:04,3720,2,15162,-2,3720,49,0,0,0,0,3721,10,0,0,0,0,S
2013-12-31,14:13:18,3721,2,15164,-2,3720,48,0,0,0,0,3721,11,0,0,0,0,B
2013-12-31,14:13:18,3721,2,15166,-2,3720,48,0,0,0,0,3721,10,0,0,0,0,B
2013-12-31,14:13:28,3720,2,15168,-2,3720,47,0,0,0,0,3721,13,0,0,0,0,S
2013-12-31,14:13:29,3721,10,15178,-10,3720,47,0,0,0,0,3721,8,0,0,0,0,B
2013-12-31,14:13:31,3721,2,15180,-2,3720,47,0,0,0,0,3721,7,0,0,0,0,B
2013-12-31,14:13:33,3721,2,15182,-2,3720,47,0,0,0,0,3721,6,0,0,0,0,B
2013-12-31,14:13:34,3721,12,15194,-12,3721,5,0,0,0,0,3722,101,0,0,0,0,B
2013-12-31,14:13:57,3721,10,15204,-10,3721,4,0,0,0,0,3722,102,0,0,0,0,S
2013-12-31,14:14:00,3721,6,15210,-6,3721,1,0,0,0,0,3722,102,0,0,0,0,S
2013-12-31,14:14:01,3721,2,15212,-2,3720,42,0,0,0,0,3722,102,0,0,0,0,S
2013-12-31,14:14:02,3720,24,15236,0,3720,35,0,0,0,0,3722,102,0,0,0,0,S
2013-12-31,14:14:13,3721,10,15246,-10,3720,35,0,0,0,0,3722,102,0,0,0,0,B
2013-12-31,14:14:16,3722,12,15258,-12,3720,35,0,0,0,0,3722,96,0,0,0,0,B
2013-12-31,14:14:23,3722,26,15284,-26,3721,49,0,0,0,0,3722,84,0,0,0,0,B
2013-12-31,14:14:31,3721,10,15294,-10,3721,44,0,0,0,0,3722,84,0,0,0,0,S
2013-12-31,14:14:37,3721,2,15296,-2,3721,43,0,0,0,0,3722,84,0,0,0,0,S
2013-12-31,14:14:42,3721,10,15306,-10,3721,43,0,0,0,0,3722,84,0,0,0,0,S
2013-12-31,14:14:44,3721,10,15316,-10,3721,38,0,0,0,0,3722,81,0,0,0,0,S
2013-12-31,14:14:57,3722,2,15318,-2,3721,38,0,0,0,0,3722,81,0,0,0,0,B
2013-12-31,14:15:00,3721,8,15326,-8,3721,34,0,0,0,0,3722,101,0,0,0,0,S
2013-12-31,14:15:06,3722,2,15328,-2,3721,34,0,0,0,0,3722,100,0,0,0,0,B
2013-12-31,14:15:10,3721,10,15338,-10,3721,29,0,0,0,0,3722,100,0,0,0,0,S
2013-12-31,14:15:10,3721,10,15348,-10,3721,24,0,0,0,0,3722,100,0,0,0,0,S
2013-12-31,14:15:32,3721,2,15350,-2,3721,23,0,0,0,0,3722,103,0,0,0,0,S
2013-12-31,14:15:38,3721,6,15356,-6,3721,20,0,0,0,0,3722,103,0,0,0,0,S
2013-12-31,14:15:43,3721,10,15366,-10,3721,15,0,0,0,0,3722,103,0,0,0,0,S
2013-12-31,14:15:45,3721,6,15372,-6,3721,12,0,0,0,0,3722,103,0,0,0,0,S
2013-12-31,14:15:46,3722,18,15390,-18,3721,12,0,0,0,0,3722,94,0,0,0,0,B
2013-12-31,14:16:10,3721,2,15392,-2,3721,12,0,0,0,0,3722,94,0,0,0,0,S
2013-12-31,14:16:12,3722,20,15412,-20,3721,12,0,0,0,0,3722,84,0,0,0,0,B
2013-12-31,14:16:14,3721,2,15414,-2,3721,11,0,0,0,0,3722,84,0,0,0,0,S
2013-12-31,14:16:41,3721,2,15416,-2,3721,10,0,0,0,0,3722,86,0,0,0,0,S
2013-12-31,14:16:51,3721,10,15426,-10,3721,5,0,0,0,0,3722,86,0,0,0,0,S
2013-12-31,14:16:58,3721,10,15436,-10,3720,38,0,0,0,0,3722,150,0,0,0,0,S
2013-12-31,14:17:21,3721,20,15456,-20,3721,40,0,0,0,0,3722,151,0,0,0,0,B
2013-12-31,14:17:22,3722,2,15458,-2,3721,40,0,0,0,0,3722,150,0,0,0,0,B
2013-12-31,14:17:26,3721,2,15460,-2,3721,39,0,0,0,0,3722,150,0,0,0,0,S
2013-12-31,14:17:28,3721,20,15480,-20,3721,29,0,0,0,0,3722,150,0,0,0,0,S
2013-12-31,14:17:29,3722,2,15482,-2,3721,29,0,0,0,0,3722,149,0,0,0,0,B
2013-12-31,14:17:34,3721,20,15502,-20,3721,20,0,0,0,0,3722,149,0,0,0,0,S
2013-12-31,14:17:38,3721,6,15508,-6,3721,67,0,0,0,0,3722,149,0,0,0,0,S
2013-12-31,14:18:14,3722,20,15528,-20,3721,118,0,0,0,0,3722,141,0,0,0,0,B
2013-12-31,14:18:25,3722,96,15624,-96,3721,118,0,0,0,0,3722,102,0,0,0,0,B
2013-12-31,14:18:26,3722,2,15626,-2,3721,118,0,0,0,0,3722,101,0,0,0,0,B
2013-12-31,14:18:34,3722,2,15628,-2,3721,118,0,0,0,0,3722,100,0,0,0,0,B
2013-12-31,14:18:49,3722,10,15638,-10,3721,123,0,0,0,0,3722,92,0,0,0,0,B
2013-12-31,14:18:51,3722,2,15640,-2,3721,123,0,0,0,0,3722,91,0,0,0,0,B
2013-12-31,14:18:59,3721,200,15840,-200,3721,23,0,0,0,0,3722,91,0,0,0,0,S
2013-12-31,14:19:02,3722,182,16022,-180,3722,109,0,0,0,0,3723,44,0,0,0,0,B
2013-12-31,14:19:48,3722,20,16042,-20,3722,100,0,0,0,0,3723,69,0,0,0,0,S
2013-12-31,14:19:54,3722,2,16044,-2,3722,99,0,0,0,0,3723,70,0,0,0,0,S
2013-12-31,14:20:06,3723,26,16070,-26,3722,99,0,0,0,0,3723,57,0,0,0,0,B
2013-12-31,14:20:08,3722,100,16170,-100,3722,49,0,0,0,0,3723,62,0,0,0,0,S
2013-12-31,14:20:27,3723,4,16174,-4,3722,49,0,0,0,0,3723,37,0,0,0,0,B
2013-12-31,14:20:31,3722,50,16224,-50,3722,26,0,0,0,0,3723,37,0,0,0,0,S
2013-12-31,14:21:21,3722,10,16234,-10,3722,23,0,0,0,0,3723,49,0,0,0,0,S
2013-12-31,14:21:25,3722,20,16254,-20,3722,13,0,0,0,0,3723,49,0,0,0,0,S
2013-12-31,14:21:30,3722,10,16264,-10,3722,8,0,0,0,0,3723,44,0,0,0,0,S
2013-12-31,14:21:38,3723,2,16266,-2,3722,8,0,0,0,0,3723,43,0,0,0,0,B
2013-12-31,14:21:40,3722,10,16276,-10,3722,3,0,0,0,0,3723,43,0,0,0,0,S
2013-12-31,14:22:08,3723,6,16282,-6,3722,3,0,0,0,0,3723,40,0,0,0,0,B
2013-12-31,14:22:22,3723,2,16284,-2,3722,3,0,0,0,0,3723,39,0,0,0,0,B
2013-12-31,14:22:33,3723,2,16286,-2,3722,3,0,0,0,0,3723,38,0,0,0,0,B
2013-12-31,14:22:38,3723,2,16288,-2,3722,3,0,0,0,0,3723,37,0,0,0,0,B
2013-12-31,14:22:38,3722,2,16290,-2,3722,2,0,0,0,0,3723,37,0,0,0,0,S
2013-12-31,14:22:49,3722,2,16292,-2,3722,3,0,0,0,0,3723,38,0,0,0,0,S
2013-12-31,14:22:54,3722,2,16294,-2,3722,2,0,0,0,0,3723,38,0,0,0,0,S
2013-12-31,14:23:06,3722,2,16296,-2,3722,1,0,0,0,0,3723,38,0,0,0,0,S
2013-12-31,14:23:06,3722,2,16298,-2,3721,45,0,0,0,0,3723,38,0,0,0,0,S
2013-12-31,14:23:12,3721,2,16300,-2,3721,44,0,0,0,0,3723,38,0,0,0,0,S
2013-12-31,14:23:20,3721,8,16308,-8,3721,40,0,0,0,0,3723,38,0,0,0,0,S
2013-12-31,14:24:13,3722,2,16310,-2,3721,80,0,0,0,0,3722,10,0,0,0,0,B
2013-12-31,14:24:21,3722,44,16354,-44,3722,98,0,0,0,0,3723,38,0,0,0,0,B
2013-12-31,14:24:24,3722,2,16356,-2,3722,97,0,0,0,0,3723,38,0,0,0,0,S
2013-12-31,14:25:04,3723,2,16358,-2,3721,80,0,0,0,0,3723,88,0,0,0,0,B
2013-12-31,14:25:04,3723,6,16364,-6,3721,80,0,0,0,0,3723,85,0,0,0,0,B
2013-12-31,14:25:17,3722,4,16368,-4,3722,95,0,0,0,0,3723,85,0,0,0,0,S
2013-12-31,14:25:34,3722,16,16384,-16,3722,93,0,0,0,0,3723,84,0,0,0,0,S
2013-12-31,14:25:38,3723,2,16386,-2,3722,93,0,0,0,0,3723,83,0,0,0,0,B
2013-12-31,14:25:44,3722,20,16406,-20,3722,84,0,0,0,0,3723,84,0,0,0,0,S
2013-12-31,14:26:03,3723,80,16486,-80,3722,15,0,0,0,0,3723,45,0,0,0,0,B
2013-12-31,14:26:31,3723,100,16586,-100,3722,51,0,0,0,0,3723,45,0,0,0,0,B
2013-12-31,14:26:48,3723,2,16588,-2,3722,52,0,0,0,0,3723,95,0,0,0,0,B
2013-12-31,14:27:05,3723,2,16590,-2,3722,53,0,0,0,0,3723,96,0,0,0,0,B
2013-12-31,14:27:32,3723,4,16594,-4,3722,130,0,0,0,0,3723,94,0,0,0,0,B
2013-12-31,14:27:42,3722,2,16596,-2,3722,129,0,0,0,0,3723,94,0,0,0,0,S
2013-12-31,14:28:05,3723,8,16604,-8,3722,145,0,0,0,0,3723,100,0,0,0,0,B
2013-12-31,14:28:14,3723,4,16608,-4,3722,145,0,0,0,0,3723,98,0,0,0,0,B
2013-12-31,14:28:20,3723,2,16610,-2,3722,145,0,0,0,0,3723,97,0,0,0,0,B
2013-12-31,14:28:40,3722,14,16624,-14,3722,143,0,0,0,0,3723,94,0,0,0,0,S
2013-12-31,14:28:50,3723,2,16626,-2,3722,143,0,0,0,0,3723,93,0,0,0,0,B
2013-12-31,14:28:57,3723,2,16628,-2,3722,143,0,0,0,0,3723,92,0,0,0,0,B
2013-12-31,14:29:01,3723,58,16686,-58,3722,142,0,0,0,0,3723,63,0,0,0,0,B
2013-12-31,14:29:11,3723,2,16688,-2,3722,65,0,0,0,0,3723,62,0,0,0,0,B
2013-12-31,14:29:17,3723,2,16690,-2,3722,72,0,0,0,0,3723,61,0,0,0,0,B
2013-12-31,14:29:18,3723,100,16790,-100,3722,72,0,0,0,0,3723,11,0,0,0,0,B
2013-12-31,14:29:22,3723,10,16800,-10,3722,72,0,0,0,0,3723,6,0,0,0,0,B
2013-12-31,14:29:26,3723,2,16802,-2,3722,72,0,0,0,0,3723,5,0,0,0,0,B
2013-12-31,14:29:29,3723,10,16812,-10,3723,5,0,0,0,0,3724,14,0,0,0,0,B
2013-12-31,14:29:38,3722,20,16832,-20,3722,168,0,0,0,0,3724,14,0,0,0,0,S
2013-12-31,14:29:46,3722,60,16892,-60,3722,168,0,0,0,0,3724,14,0,0,0,0,S
2013-12-31,14:30:00,3722,20,16912,-20,3722,162,0,0,0,0,3724,64,0,0,0,0,S
2013-12-31,14:30:09,3722,2,16914,-2,3722,162,0,0,0,0,3724,64,0,0,0,0,S
2013-12-31,14:30:24,3723,4,16918,-4,3722,162,0,0,0,0,3723,9,0,0,0,0,B
2013-12-31,14:30:30,3723,2,16920,-2,3722,162,0,0,0,0,3723,8,0,0,0,0,B
2013-12-31,14:30:32,3722,2,16922,-2,3722,161,0,0,0,0,3723,8,0,0,0,0,S
2013-12-31,14:30:35,3723,16,16938,-12,3723,71,0,0,0,0,3724,64,0,0,0,0,B
2013-12-31,14:30:39,3723,58,16996,-58,3723,42,0,0,0,0,3724,66,0,0,0,0,S
2013-12-31,14:30:49,3723,2,16998,-2,3723,41,0,0,0,0,3724,66,0,0,0,0,S
2013-12-31,14:30:56,3723,52,17050,-52,3723,15,0,0,0,0,3724,71,0,0,0,0,S
2013-12-31,14:30:59,3724,10,17060,-10,3723,15,0,0,0,0,3724,66,0,0,0,0,B
2013-12-31,14:31:03,3724,2,17062,-2,3723,15,0,0,0,0,3724,65,0,0,0,0,B
2013-12-31,14:31:05,3724,2,17064,-2,3723,15,0,0,0,0,3724,64,0,0,0,0,B
2013-12-31,14:31:14,3724,2,17066,-2,3723,16,0,0,0,0,3724,63,0,0,0,0,B
2013-12-31,14:31:16,3724,2,17068,-2,3723,16,0,0,0,0,3724,62,0,0,0,0,B
2013-12-31,14:31:30,3724,18,17086,-18,3723,17,0,0,0,0,3724,53,0,0,0,0,B
2013-12-31,14:31:32,3724,4,17090,-4,3723,118,0,0,0,0,3724,51,0,0,0,0,B
2013-12-31,14:32:08,3724,20,17110,-20,3723,116,0,0,0,0,3725,116,0,0,0,0,B
2013-12-31,14:32:18,3725,200,17310,-200,3723,116,0,0,0,0,3725,17,0,0,0,0,B
2013-12-31,14:32:33,3724,2,17312,-2,3724,9,0,0,0,0,3725,17,0,0,0,0,S
2013-12-31,14:32:42,3724,2,17314,-2,3724,8,0,0,0,0,3725,27,0,0,0,0,S
2013-12-31,14:32:51,3725,2,17316,-2,3724,8,0,0,0,0,3725,26,0,0,0,0,B
2013-12-31,14:32:55,3725,52,17368,-52,3725,74,0,0,0,0,3726,37,0,0,0,0,B
2013-12-31,14:32:57,3726,2,17370,-2,3725,75,0,0,0,0,3726,36,0,0,0,0,B
2013-12-31,14:33:07,3726,2,17372,-2,3725,74,0,0,0,0,3726,35,0,0,0,0,B
2013-12-31,14:33:15,3726,10,17382,-10,3725,74,0,0,0,0,3726,30,0,0,0,0,B
2013-12-31,14:33:16,3726,20,17402,0,3725,74,0,0,0,0,3726,20,0,0,0,0,B
2013-12-31,14:33:25,3726,40,17442,-40,3726,1,0,0,0,0,3727,15,0,0,0,0,B
2013-12-31,14:33:27,3726,2,17444,-2,3725,74,0,0,0,0,3727,15,0,0,0,0,S
2013-12-31,14:33:43,3726,2,17446,0,3726,1,0,0,0,0,3727,5,0,0,0,0,S
2013-12-31,14:33:52,3727,2,17448,-2,3725,84,0,0,0,0,3727,4,0,0,0,0,B
2013-12-31,14:33:58,3727,10,17458,-10,3726,8,0,0,0,0,3727,2,0,0,0,0,B
2013-12-31,14:33:58,3726,6,17464,-6,3726,5,0,0,0,0,3727,2,0,0,0,0,S
2013-12-31,14:34:17,3727,8,17472,-8,3726,5,0,0,0,0,3728,27,0,0,0,0,B
2013-12-31,14:34:25,3726,4,17476,-4,3726,3,0,0,0,0,3728,28,0,0,0,0,S
2013-12-31,14:34:27,3728,2,17478,-2,3727,1,0,0,0,0,3728,27,0,0,0,0,B
2013-12-31,14:34:39,3728,2,17480,-2,3727,1,0,0,0,0,3728,26,0,0,0,0,B
2013-12-31,14:34:44,3728,4,17484,-2,3726,3,0,0,0,0,3728,45,0,0,0,0,B
2013-12-31,14:34:48,3728,30,17514,-30,3726,3,0,0,0,0,3728,30,0,0,0,0,B
2013-12-31,14:35:02,3728,4,17518,-4,3726,4,0,0,0,0,3728,29,0,0,0,0,B
2013-12-31,14:35:20,3726,10,17528,-8,3725,89,0,0,0,0,3726,5,0,0,0,0,S
2013-12-31,14:35:25,3726,10,17538,-10,3725,89,0,0,0,0,3728,10,0,0,0,0,B
2013-12-31,14:35:26,3728,8,17546,-8,3725,89,0,0,0,0,3728,6,0,0,0,0,B
2013-12-31,14:35:43,3725,2,17548,-2,3725,88,0,0,0,0,3727,2,0,0,0,0,S
2013-12-31,14:35:54,3727,6,17554,-6,3727,7,0,0,0,0,3728,6,0,0,0,0,B
2013-12-31,14:36:01,3727,14,17568,-14,3725,136,0,0,0,0,3727,3,0,0,0,0,S
2013-12-31,14:36:09,3726,2,17570,-2,3725,138,0,0,0,0,3727,4,0,0,0,0,S
2013-12-31,14:36:43,3727,4,17574,-4,3725,138,0,0,0,0,3727,3,0,0,0,0,B
2013-12-31,14:36:46,3725,2,17576,-2,3725,137,0,0,0,0,3727,3,0,0,0,0,S
2013-12-31,14:37:06,3726,2,17578,-2,3726,1,0,0,0,0,3727,2,0,0,0,0,B
2013-12-31,14:37:08,3726,2,17580,-2,3725,138,0,0,0,0,3727,2,0,0,0,0,S
2013-12-31,14:37:34,3727,2,17582,-2,3726,82,0,0,0,0,3727,1,0,0,0,0,B
2013-12-31,14:37:40,3727,2,17584,-2,3727,47,0,0,0,0,3728,16,0,0,0,0,B
2013-12-31,14:37:44,3727,42,17626,-42,3727,26,0,0,0,0,3728,16,0,0,0,0,S
2013-12-31,14:37:47,3726,142,17768,-142,3726,37,0,0,0,0,3728,16,0,0,0,0,S
2013-12-31,14:38:10,3726,36,17804,-36,3726,19,0,0,0,0,3728,17,0,0,0,0,S
2013-12-31,14:38:23,3726,2,17806,0,3726,19,0,0,0,0,3728,17,0,0,0,0,S
2013-12-31,14:38:26,3726,2,17808,-2,3726,18,0,0,0,0,3728,18,0,0,0,0,S
2013-12-31,14:38:34,3728,2,17810,-2,3726,18,0,0,0,0,3728,17,0,0,0,0,B
2013-12-31,14:38:38,3728,2,17812,-2,3726,18,0,0,0,0,3728,16,0,0,0,0,B
2013-12-31,14:38:38,3726,2,17814,-2,3726,17,0,0,0,0,3728,16,0,0,0,0,S
2013-12-31,14:38:47,3726,4,17818,-4,3726,15,0,0,0,0,3728,16,0,0,0,0,S
2013-12-31,14:38:48,3726,2,17820,-2,3726,14,0,0,0,0,3728,16,0,0,0,0,S
2013-12-31,14:38:56,3728,2,17822,-2,3726,16,0,0,0,0,3728,17,0,0,0,0,B
2013-12-31,14:39:00,3728,10,17832,-10,3726,16,0,0,0,0,3728,12,0,0,0,0,B
2013-12-31,14:39:01,3728,2,17834,-2,3726,16,0,0,0,0,3728,11,0,0,0,0,B
2013-12-31,14:39:15,3728,26,17860,-26,3726,3,0,0,0,0,3729,6,0,0,0,0,B
2013-12-31,14:39:22,3729,2,17862,-2,3726,14,0,0,0,0,3729,5,0,0,0,0,B
2013-12-31,14:39:23,3729,10,17872,-10,3726,14,0,0,0,0,3730,23,0,0,0,0,B
2013-12-31,14:39:39,3730,2,17874,-2,3726,15,0,0,0,0,3730,22,0,0,0,0,B
2013-12-31,14:39:44,3730,2,17876,-2,3728,1,0,0,0,0,3730,21,0,0,0,0,B
2013-12-31,14:40:00,3730,2,17878,-2,3728,1,0,0,0,0,3730,22,0,0,0,0,B
2013-12-31,14:40:04,3730,2,17880,0,3728,1,0,0,0,0,3730,42,0,0,0,0,B
2013-12-31,14:40:08,3728,2,17882,-2,3727,2,0,0,0,0,3730,42,0,0,0,0,S
2013-12-31,14:40:13,3727,2,17884,-2,3727,1,0,0,0,0,3730,42,0,0,0,0,S
2013-12-31,14:40:17,3730,16,17900,-14,3727,1,0,0,0,0,3730,34,0,0,0,0,B
2013-12-31,14:40:25,3730,16,17916,-16,3727,2,0,0,0,0,3730,27,0,0,0,0,B
2013-12-31,14:40:26,3727,2,17918,-2,3727,1,0,0,0,0,3730,27,0,0,0,0,S
2013-12-31,14:40:32,3726,4,17922,0,3726,18,0,0,0,0,3730,29,0,0,0,0,S
2013-12-31,14:40:32,3726,4,17926,-4,3726,16,0,0,0,0,3730,29,0,0,0,0,S
2013-12-31,14:40:32,3726,4,17930,-4,3726,14,0,0,0,0,3730,29,0,0,0,0,S
2013-12-31,14:40:33,3726,4,17934,-4,3726,12,0,0,0,0,3730,29,0,0,0,0,S
2013-12-31,14:40:34,3726,4,17938,-4,3726,10,0,0,0,0,3730,29,0,0,0,0,S
2013-12-31,14:40:37,3726,2,17940,-2,3726,9,0,0,0,0,3727,1,0,0,0,0,S
2013-12-31,14:40:38,3727,2,17942,-2,3726,9,0,0,0,0,3729,2,0,0,0,0,B
2013-12-31,14:41:09,3729,6,17948,-6,3727,12,0,0,0,0,3729,22,0,0,0,0,B
2013-12-31,14:41:29,3729,6,17954,-6,3727,11,0,0,0,0,3729,19,0,0,0,0,B
2013-12-31,14:41:47,3729,4,17958,-4,3727,12,0,0,0,0,3729,17,0,0,0,0,B
2013-12-31,14:42:11,3727,16,17974,-16,3727,531,0,0,0,0,3729,19,0,0,0,0,S
2013-12-31,14:42:13,3728,1062,19036,-1062,3727,5,0,0,0,0,3729,19,0,0,0,0,B
2013-12-31,14:42:45,3727,2,19038,-2,3727,4,0,0,0,0,3728,17,0,0,0,0,S
2013-12-31,14:42:49,3727,2,19040,-2,3727,3,0,0,0,0,3728,17,0,0,0,0,S
2013-12-31,14:42:51,3728,30,19070,-30,3727,3,0,0,0,0,3728,2,0,0,0,0,B
2013-12-31,14:43:12,3728,10,19080,-10,3727,3,0,0,0,0,3728,5,0,0,0,0,B
2013-12-31,14:43:16,3726,16,19096,-14,3726,37,0,0,0,0,3728,5,0,0,0,0,S
2013-12-31,14:43:28,3728,2,19098,-2,3727,1,0,0,0,0,3728,4,0,0,0,0,B
2013-12-31,14:43:30,3727,2,19100,-2,3726,38,0,0,0,0,3728,24,0,0,0,0,S
2013-12-31,14:43:35,3726,6,19106,-6,3726,40,0,0,0,0,3728,24,0,0,0,0,S
2013-12-31,14:43:39,3728,2,19108,-2,3726,41,0,0,0,0,3728,23,0,0,0,0,B
2013-12-31,14:43:42,3728,10,19118,-6,3726,41,0,0,0,0,3728,18,0,0,0,0,B
2013-12-31,14:43:47,3726,2,19120,-2,3726,42,0,0,0,0,3728,18,0,0,0,0,S
2013-12-31,14:43:48,3728,14,19134,0,3726,42,0,0,0,0,3728,11,0,0,0,0,B
2013-12-31,14:43:59,3728,2,19136,0,3726,42,0,0,0,0,3728,10,0,0,0,0,B
2013-12-31,14:44:11,3726,2,19138,0,3726,49,0,0,0,0,3728,10,0,0,0,0,S
2013-12-31,14:44:36,3726,20,19158,-20,3726,41,0,0,0,0,3728,12,0,0,0,0,S
2013-12-31,14:45:04,3726,30,19188,-30,3726,42,0,0,0,0,3727,1,0,0,0,0,S
2013-12-31,14:45:08,3726,84,19272,-84,3725,23,0,0,0,0,3726,8,0,0,0,0,S
2013-12-31,14:45:11,3726,2,19274,-2,3725,23,0,0,0,0,3726,7,0,0,0,0,B
2013-12-31,14:45:37,3726,4,19278,-4,3725,23,0,0,0,0,3726,7,0,0,0,0,B
2013-12-31,14:45:37,3725,2,19280,-2,3725,22,0,0,0,0,3726,7,0,0,0,0,S
2013-12-31,14:45:39,3725,2,19282,-2,3725,21,0,0,0,0,3726,6,0,0,0,0,S
2013-12-31,14:45:42,3725,2,19284,-2,3725,20,0,0,0,0,3726,6,0,0,0,0,S
2013-12-31,14:45:46,3725,2,19286,-2,3725,19,0,0,0,0,3726,8,0,0,0,0,S
2013-12-31,14:45:48,3725,2,19288,-2,3725,18,0,0,0,0,3726,7,0,0,0,0,S
2013-12-31,14:46:06,3725,36,19324,-36,3724,1,0,0,0,0,3725,32,0,0,0,0,S
2013-12-31,14:46:08,3725,2,19326,-2,3724,1,0,0,0,0,3725,31,0,0,0,0,B
2013-12-31,14:46:23,3725,6,19332,-6,3724,1,0,0,0,0,3725,28,0,0,0,0,B
2013-12-31,14:46:36,3722,40,19372,-40,3722,63,0,0,0,0,3725,28,0,0,0,0,S
2013-12-31,14:46:39,3722,2,19374,-2,3722,63,0,0,0,0,3725,28,0,0,0,0,S
2013-12-31,14:46:39,3722,6,19380,-6,3722,60,0,0,0,0,3725,28,0,0,0,0,S
2013-12-31,14:46:52,3723,2,19382,-2,3722,60,0,0,0,0,3725,28,0,0,0,0,B
2013-12-31,14:47:00,3722,16,19398,-16,3722,56,0,0,0,0,3725,28,0,0,0,0,S
2013-12-31,14:47:25,3723,2,19400,-2,3722,56,0,0,0,0,3724,2,0,0,0,0,B
2013-12-31,14:47:43,3723,6,19406,-6,3722,57,0,0,0,0,3723,9,0,0,0,0,B
2013-12-31,14:47:51,3722,116,19522,-116,3721,22,0,0,0,0,3722,42,0,0,0,0,S
2013-12-31,14:48:06,3721,18,19540,-18,3721,13,0,0,0,0,3722,42,0,0,0,0,S
2013-12-31,14:48:11,3721,2,19542,-2,3721,12,0,0,0,0,3722,42,0,0,0,0,S
2013-12-31,14:48:24,3722,2,19544,-2,3721,13,0,0,0,0,3722,41,0,0,0,0,B
2013-12-31,14:48:36,3721,20,19564,-20,3721,5,0,0,0,0,3722,41,0,0,0,0,S
2013-12-31,14:48:50,3722,10,19574,-10,3721,5,0,0,0,0,3722,36,0,0,0,0,B
2013-12-31,14:49:06,3722,74,19648,-74,3722,63,0,0,0,0,3724,2,0,0,0,0,B
2013-12-31,14:50:15,3724,10,19658,-10,3722,65,0,0,0,0,3725,35,0,0,0,0,B
2013-12-31,14:50:41,3723,20,19678,-20,3722,65,0,0,0,0,3725,39,0,0,0,0,S
2013-12-31,14:50:47,3725,2,19680,-2,3724,3,0,0,0,0,3725,38,0,0,0,0,B
2013-12-31,14:50:48,3724,6,19686,-6,3723,27,0,0,0,0,3725,38,0,0,0,0,S
2013-12-31,14:50:57,3723,40,19726,-40,3723,9,0,0,0,0,3725,38,0,0,0,0,S
2013-12-31,14:51:05,3723,2,19728,-2,3723,8,0,0,0,0,3724,10,0,0,0,0,S
2013-12-31,14:51:08,3723,16,19744,-16,3722,65,0,0,0,0,3723,2,0,0,0,0,S
2013-12-31,14:51:21,3723,2,19746,-2,3722,65,0,0,0,0,3724,10,0,0,0,0,B
2013-12-31,14:51:42,3723,6,19752,-6,3723,1,0,0,0,0,3724,10,0,0,0,0,S
2013-12-31,14:51:45,3723,2,19754,-2,3722,65,0,0,0,0,3724,10,0,0,0,0,S
2013-12-31,14:52:20,3722,10,19764,-10,3722,61,0,0,0,0,3724,11,0,0,0,0,S
2013-12-31,14:52:29,3724,2,19766,-2,3722,61,0,0,0,0,3725,39,0,0,0,0,B
2013-12-31,14:52:40,3725,14,19780,-14,3722,61,0,0,0,0,3725,32,0,0,0,0,B
2013-12-31,14:52:47,3725,2,19782,-2,3722,61,0,0,0,0,3725,51,0,0,0,0,B
2013-12-31,14:52:49,3725,20,19802,-20,3722,61,0,0,0,0,3725,41,0,0,0,0,B
2013-12-31,14:53:10,3725,30,19832,-30,3722,61,0,0,0,0,3725,26,0,0,0,0,B
2013-12-31,14:53:17,3724,2,19834,-2,3722,61,0,0,0,0,3724,29,0,0,0,0,S
2013-12-31,14:53:28,3722,16,19850,-16,3722,53,0,0,0,0,3724,29,0,0,0,0,S
2013-12-31,14:53:31,3724,2,19852,-2,3722,53,0,0,0,0,3724,28,0,0,0,0,B
2013-12-31,14:53:37,3722,2,19854,-2,3722,52,0,0,0,0,3724,29,0,0,0,0,S
2013-12-31,14:53:39,3724,58,19912,-58,3724,21,0,0,0,0,3725,36,0,0,0,0,B
2013-12-31,14:53:40,3724,8,19920,-8,3724,17,0,0,0,0,3725,36,0,0,0,0,S
2013-12-31,14:53:57,3724,10,19930,-10,3724,12,0,0,0,0,3725,36,0,0,0,0,S
2013-12-31,14:54:00,3724,2,19932,-2,3724,11,0,0,0,0,3725,36,0,0,0,0,S
2013-12-31,14:54:09,3725,6,19938,-6,3724,11,0,0,0,0,3725,33,0,0,0,0,B
2013-12-31,14:54:13,3724,10,19948,-10,3724,6,0,0,0,0,3725,36,0,0,0,0,S
2013-12-31,14:54:34,3725,4,19952,-4,3724,8,0,0,0,0,3725,35,0,0,0,0,B
2013-12-31,14:55:17,3724,10,19962,-10,3724,6,0,0,0,0,3725,36,0,0,0,0,S
2013-12-31,14:55:48,3725,6,19968,-6,3724,6,0,0,0,0,3725,33,0,0,0,0,B
2013-12-31,14:55:52,3725,10,19978,-10,3724,6,0,0,0,0,3725,28,0,0,0,0,B
2013-12-31,14:55:54,3725,10,19988,-10,3724,6,0,0,0,0,3725,23,0,0,0,0,B
2013-12-31,14:56:04,3724,2,19990,-2,3724,5,0,0,0,0,3725,27,0,0,0,0,S
2013-12-31,14:56:07,3724,2,19992,-2,3724,4,0,0,0,0,3725,27,0,0,0,0,S
2013-12-31,14:56:15,3725,10,20002,-10,3724,4,0,0,0,0,3725,22,0,0,0,0,B
2013-12-31,14:56:18,3724,2,20004,-2,3724,3,0,0,0,0,3725,22,0,0,0,0,S
2013-12-31,14:56:21,3724,2,20006,-2,3724,2,0,0,0,0,3725,22,0,0,0,0,S
2013-12-31,14:56:26,3724,2,20008,-2,3724,1,0,0,0,0,3725,22,0,0,0,0,S
2013-12-31,14:56:28,3725,20,20028,-20,3724,1,0,0,0,0,3725,12,0,0,0,0,B
2013-12-31,14:56:35,3724,2,20030,-2,3722,51,0,0,0,0,3725,12,0,0,0,0,S
2013-12-31,14:56:55,3724,4,20034,-4,3722,51,0,0,0,0,3725,17,0,0,0,0,S
2013-12-31,14:57:15,3724,2,20036,-2,3722,51,0,0,0,0,3724,1,0,0,0,0,S
2013-12-31,14:57:16,3725,4,20040,-4,3722,51,0,0,0,0,3725,18,0,0,0,0,B
2013-12-31,14:58:13,3723,2,20042,-2,3723,3,0,0,0,0,3724,2,0,0,0,0,S
2013-12-31,14:58:36,3723,2,20044,-2,3723,2,0,0,0,0,3724,4,0,0,0,0,S
2013-12-31,14:58:40,3723,2,20046,-2,3723,1,0,0,0,0,3724,4,0,0,0,0,S
2013-12-31,14:58:41,3723,2,20048,-2,3722,51,0,0,0,0,3724,4,0,0,0,0,S
2013-12-31,14:58:44,3724,6,20054,-6,3722,51,0,0,0,0,3724,1,0,0,0,0,B
2013-12-31,14:58:55,3723,4,20058,-4,3722,51,0,0,0,0,3724,1,0,0,0,0,S
2013-12-31,14:59:02,3725,42,20100,-42,3725,193,0,0,0,0,3728,10,0,0,0,0,B
2013-12-31,14:59:05,3725,6,20106,-6,3725,190,0,0,0,0,3728,10,0,0,0,0,S
2013-12-31,14:59:13,3725,2,20108,-2,3725,19,0,0,0,0,3728,10,0,0,0,0,S
2013-12-31,14:59:22,3725,10,20118,-10,3725,185,0,0,0,0,3728,10,0,0,0,0,S
2013-12-31,14:59:30,3725,60,20178,-60,3725,155,0,0,0,0,3728,10,0,0,0,0,S
2013-12-31,14:59:30,3726,200,20378,-200,3726,55,0,0,0,0,3728,10,0,0,0,0,B
2013-12-31,14:59:33,3728,2,20380,0,3726,55,0,0,0,0,3728,9,0,0,0,0,B
2013-12-31,14:59:35,3728,18,20398,0,3728,1,0,0,0,0,3730,5,0,0,0,0,B
2013-12-31,14:59:40,3730,2,20400,-2,3726,55,0,0,0,0,3730,4,0,0,0,0,B
2013-12-31,14:59:41,3730,8,20408,-8,3730,6,0,0,0,0,3735,1,0,0,0,0,B
2013-12-31,14:59:48,3735,2,20410,-2,3735,5,0,0,0,0,3737,20,0,0,0,0,B
2013-12-31,14:59:51,3726,110,20520,-110,3722,50,0,0,0,0,3726,45,0,0,0,0,S
2013-12-31,14:59:54,3726,10,20530,-10,3722,50,0,0,0,0,3726,40,0,0,0,0,B
